2700 4658
579 273 791 336 ,46-

366 444 525 509 menontis
547 440 705 532 praedem
723 463 803 520 esse,
825 449 968 505 actorem
989 440 1238 504 circumueniri:

366 569 442 612 nam

364 667 399 751 a)
422 667 543 739 amissa
569 665 720 753 pactione
755 675 897 730 actorem
925 687 990 729 non
1019 663 1150 745 habere,
1173 685 1239 749 quo

417 769 610 834 Aristoclem
646 768 816 832 mentitum
853 790 924 832 esee
961 768 1134 832 couuineat
1155 765 1237 852 (37),

360 888 394 973 b)
417 888 578 954 iudicibus
600 879 820 975 quaerendum
843 910 930 970 esse,
958 910 1016 951 cur
1045 887 1235 974 Apaturius,

415 1001 541 1056 tantum
570 991 671 1073 absit,
702 1000 739 1055 ut
767 991 961 1057 Aristoclem
981 992 1015 1054 in
1044 992 1096 1053 ius
1130 997 1234 1068 uocet,

416 1098 501 1182 quod
524 1093 746 1181 syngrapham
766 1093 854 1158 illam
876 1094 1039 1174 deleuerit‚
1062 1102 1097 1156 ut
1120 1093 1233 1157 eodem

417 1206 499 1262 teste
521 1207 631 1263 utatur
653 1197 709 1284 (38
717 1197 761 1283 a).
796 1188 799 1194 ¹

135 1319 226 1386 VIII.
269 1340 464 1390 mrmoroa¹
480 1334 692 1405 (caucasum)
715 1317 769 1404 (38
779 1318 821 1404 b).
866 1327 975 1384 orator

362 1423 395 1509 a)
419 1422 496 1486 dicit
512 1422 620 1487 omnia
634 1420 761 1508 prolata
776 1443 856 1502 esse,
872 1443 954 1507 quae
969 1422 1055 1485 iusta
1071 1423 1145 1503 sint,
1242 1473 1244 1475 .

357 1542 392 1628 b)
415 1541 537 1607 iudices
577 1542 780 1623 cohortatur,
817 1552 853 1606 ut
880 1564 922 1607 ex
953 1540 1079 1626 legibus
1112 1561 1228 1626 cogno·

416 1654 508 1711 scant
539 1669 541 1674 ·

195 1818 197 1822 .
221 1767 296 1832 Hac
317 1789 358 1832 ex
379 1766 492 1832 tabula
512 1766 592 1831 satis
608 1787 768 1854 superque
782 1765 977 1850 intellegitur
992 1767 1026 1830 in
1039 1764 1229 1828 uniuersum

132 1879 218 1936 recte
239 1867 612 1936 iudicauisse'Blassium
626 1891 700 1957 pag.
716 1870 789 1951 514,
812 1891 886 1934 cum
902 1869 1022 1934 diceret
1037 1867 1230 1933 concinnam

133 1995 206 2040 esse
234 1975 389 2041 orationis
418 1973 661 2062 dispositionem
689 1995 729 2038 ac
758 1994 866 2038 rerum
897 1970 1140 2039 collocationem
1162 1980 1232 2034 tam

132 2087 254 2143 rectam
276 2099 357 2160 esse,
380 2085 417 2141 ut
438 2098 549 2142 omnes
572 2077 751 2142 sententiae
773 2077 856 2142 inter
879 2099 914 2142 se
927 2096 1069 2142 conexae
1085 2083 1118 2138 et
1134 2083 1232 2159 aptae

134 2191 250 2246 essent.
283 2203 396 2246 uerum
412 2182 497 2246 enim
519 2202 596 2246 uero
619 2179 768 2245 omnibus
790 2180 932 2245 numeris
954 2177 1137 2246 absolutam
1160 2199 1232 2242 esse

135 2285 380 2371 dispositionem
401 2283 550 2369 equidem
572 2285 770 2367 negauerim.

219 2426 257 2470 ac
278 2406 418 2491 primum
440 2403 569 2490 quidem
590 2406 626 2468 in
648 2404 781 2469 exordio
802 2403 887 2468 male
908 2423 960 2467 me
982 2400 1104 2467 habent
1125 2401 1230 2466 uerba

132 2507 332 2596 paragraphi
364 2509 478 2574 tertiae
514 2507 631 2573 haece:
662 2505 680 2573 ὁ
714 2508 776 2592 μὲν
807 2498 867 2571 οὖν
902 2496 987 2590 μετὰ
1016 2498 1141 2570 τούτου
1169 2528 1230 2587 μοι

132 2604 407 2694 ἐπιβεβουλευκὼς
430 2612 486 2675 καὶ
508 2605 569 2676 τὸν
591 2607 706 2696 ἀγῶνα
726 2610 862 2675 τουτονὶ
875 2600 1119 2682 κατεσκευακὼς
1135 2617 1228 2692 προϊ-

131 2708 230 2788 όντος
252 2713 314 2780 τοῦ
342 2704 444 2797 λόγου
466 2707 665 2801 καταφανὴς
687 2711 766 2797 ὑμῖν
788 2715 888 2778 ἔσται.
940 2709 1002 2776 hoc
1023 2710 1228 2775 enuntiatum

131 2815 188 2879 diu
219 2816 419 2901 multumque
449 2813 667 2881 consideranti
695 2814 776 2880 mihi
804 2817 837 2879 in
868 2814 1039 2880 decursum
1068 2813 1226 2878 orationis

130 2918 291 3005 quadrare
327 2941 394 2984 non
425 2929 474 2984 est
503 2919 632 2984 uisum:
664 2941 740 2984 nam
771 2919 963 2984 concinnum
994 2917 1228 2981 sententiarum

130 3020 277 3088 ordinem
307 3022 522 3108 interrumpit.
574 3029 689 3109 postea
717 3024 803 3088 enim
832 3043 929 3110 quam
952 3028 1076 3097 orator,
1107 3019 1226 3106 quibus

129 3124 373 3191 condicionibus
403 3125 550 3212 exceptio
579 3146 733 3192 concessa
765 3136 864 3206 esset,
896 3123 1149 3205 demonstrauit,
1178 3123 1227 3186 ita

127 3225 328 3314 pergendum
359 3238 444 3310 erat,
475 3238 512 3293 ut
541 3249 612 3294 sese
636 3229 750 3295 eodem
771 3230 842 3294 iure
864 3229 1086 3315 exceptionem
1108 3226 1226 3292 fecisse

128 3329 266 3396 diceret:
289 3331 509 3416 ἐγκαλοῦντος
523 3325 585 3398 οὖν
601 3355 660 3417 μοι
670 3329 893 3418 Ἀπατουρίου
913 3333 984 3397 κτλ.
1020 3331 1228 3396 enuntiatum

126 3456 203 3499 uero
226 3429 245 3498 ὁ
266 3435 329 3518 μὲν
351 3487 357 3501 .
381 3487 387 3501 .
410 3487 416 3501 .
439 3439 535 3500 ἔσται
559 3435 606 3500 sic
627 3437 769 3522 positum
787 3458 825 3501 eo
847 3435 952 3519 magis
973 3432 1224 3521 uituperandum

126 3546 184 3619 est,
208 3537 295 3623 quod
318 3561 359 3604 ne
373 3538 530 3627 probatur
544 3539 674 3626 quidem
688 3540 848 3626 Eryxiam
863 3539 961 3605 totius
975 3537 1041 3604 litis
1056 3545 1224 3601 auctorem

126 3661 197 3705 esee
223 3681 257 3689 —
285 3641 325 3707 cf.
351 3644 399 3710 18.
424 3640 441 3708 ὁ
463 3641 573 3708 ταῦτα
595 3635 849 3721 κατασκευάζων
871 3647 945 3723 aaa,
971 3639 1027 3706 ubi
1048 3661 1109 3705 nec
1130 3642 1221 3705 testi·

129 3745 237 3809 monio
259 3767 320 3810 nec
341 3755 531 3831 argumento
554 3746 618 3812 ullo
640 3767 752 3812 ueram
768 3768 838 3811 esse
852 3746 971 3811 actoris
986 3744 1223 3810 incusationem

124 3847 363 3913 demonstratur
389 3888 435 3913 -.
480 3847 585 3914 bonus
614 3849 744 3937 quidem
767 3857 876 3914 orator
897 3850 994 3914 istam
1017 3851 1221 3930 sententiam,

124 3949 151 4012 si
180 3951 215 4014 in
242 3951 442 4039 prooemium
465 3973 537 4016 eam
558 3953 701 4040 recipere
724 3953 842 4035 uoluit,
870 3951 979 4018 uerbis
1002 3954 1220 4037 ἐγκαλοῦντος

123 4057 189 4120 κτέ.
235 4064 292 4120 aut
313 4057 510 4141 coniungere
532 4063 589 4121 aut
603 4079 690 4138 uero,
710 4056 745 4122 id
760 4055 846 4143 quod
860 4055 939 4120 mihi
954 4058 1067 4124 melius
1083 4058 1219 4137 uidetur,

124 4156 318 4242 subiungere
341 4159 459 4224 debuit

209 4261 430 4328 uehementius
462 4272 571 4335 autem
601 4263 867 4353 reprehendenda
895 4263 975 4330 mihi
996 4265 1125 4335 uidetur
1147 4290 1217 4334 nar·
