2700 4658
644 232 854 296 ..34-

203 423 323 489 ponere
345 402 481 466 multum
497 400 667 468 Aristoclis
689 399 843 463 interesse
858 402 1000 488 Apaturi
1020 421 1169 466 caussam
1195 408 1296 464 stare:

203 528 279 570 nam
302 505 332 568 ei
354 505 533 570 timendum
557 526 637 584 esse,
659 524 700 566 ne
724 501 751 567 si
772 500 956 569 Parmenon
979 503 1126 585 uicisset,
1150 503 1221 588 ipse
1243 523 1294 590 pe·

203 609 332 673 cuniam
369 607 544 674 dissoluere
582 612 766 691 cogeretur,
804 606 922 694 quippe
960 607 1016 692 qui
1049 628 1108 693 pro
1138 605 1295 693 Apaturio

171 750 173 755 ·
204 711 445 801 spopondisset:
467 710 537 774 iure
560 720 668 775 autem
689 730 754 772 non
777 709 898 778 uiolato
921 709 1081 774 uicturum
1103 709 1204 773 fuisse
1219 708 1294 773 Par·

203 823 399 895 menontem,
430 811 516 901 quod
545 812 659 878 melior
681 821 766 876 esset
788 812 857 876 eius
881 834 1012 894 caussa3
1035 812 1224 898 neglexerat
1245 810 1294 876 de·

202 918 299 1003 nique
322 915 543 982 demonstrare
566 915 818 981 audacissimum
832 913 996 980 hominem
1012 937 1082 981 esse
1097 914 1296 995 Aristoclem,

203 1021 256 1105 qui
288 1021 434 1106 peierare
467 1040 535 1083 non
564 1018 736 1084 dubitaret.
771 1040 858 1086 ¹non
887 1020 1056 1083 minimum
1082 1040 1179 1104 porro
1210 1016 1294 1102 Ape·

202 1123 306 1186 turius
336 1145 375 1188 ea
403 1144 439 1186 re
466 1121 700 1204 adiuuabatur,
730 1121 816 1208 quod
846 1121 1031 1188 Parmenbn
1053 1120 1204 1186 Athenas
1235 1141 1296 1185 non

201 1224 357 1290 redierat:
387 1233 515 1312 poterat
536 1225 622 1290 enim
647 1225 776 1291 mentiri
799 1234 839 1306 et,
862 1221 945 1311 quae
967 1227 1036 1290 eius
1058 1234 1130 1290 erat
1151 1222 1296 1302 audacia,

201 1326 354 1391 mentitus
384 1337 432 1392 est
460 1327 710 1395 Parmenontem
740 1350 805 1394 non
834 1326 971 1411 redisse,
1008 1337 1181 1414 propterea
1214 1325 1296 1414 quod

202 1439 353 1496 caussam
389 1453 482 1496 suam
514 1432 728 1520 desperasset.
778 1441 941 1518 postremo
976 1432 1136 1519 Apaturio
1160 1430 1297 1495 'infinita

202 1534 362 1623 quaedam
383 1535 525 1620 fingendi
548 1546 580 1602 et
602 1533 840 1602 commentandi
861 1544 1004 1620 potestas
1020 1543 1098 1617 erat,
1121 1534 1198 1620 quia
1212 1532 1294 1600 Pho·

201 1640 317 1718 oritus,
348 1660 444 1725 quem
472 1639 601 1704 tertium
633 1660 674 1704 ex
699 1637 830 1704 arbitris
853 1637 953 1701 fuisse
975 1635 1130 1720 uidimus,
1158 1636 1295 1702 Athenis

201 1753 271 1807 tum
300 1743 428 1807 uidetur
450 1742 608 1825 abfuisse,
630 1743 749 1829 quippe
771 1740 861 1804 nulla
884 1741 952 1805 eius
976 1735 1095 1807 mentio
1117 1739 1163 1808 fit.
1215 1761 1296 1827 quae

202 1867 275 1910 cum
304 1847 351 1910 ita
382 1855 504 1926 essent,
535 1845 676 1924 iudices,
707 1844 771 1908 nisi
791 1843 1039 1916 Parmenontem
1069 1851 1182 1908 contra
1210 1843 1296 1926 leges

202 1948 411 2014 condemnari
432 1949 661 2030 meminerant,
692 1947 844 2011 facillime
866 1947 1047 2034 permoneri
1070 1955 1235 2032 poterant,
1262 1954 1298 2009 ut

202 2052 362 2138 Apaturio
386 2049 654 2132 obsecundarent,
684 2072 882 2136 quamquam
905 2052 1024 2116 actoris
1046 2071 1163 2114 caussa
1184 2048 1297 2113 melior

204 2164 282 2220 erat.

289 2256 452 2338 Quoniam
488 2256 527 2321 de
566 2279 683 2322 caussa
711 2259 783 2344 ipsa
817 2257 920 2343 deque
950 2259 1019 2320 eius
1049 2255 1214 2322 actoribus
1243 2278 1296 2322 ex·

201 2362 377 2446 posuimus,
409 2360 553 2447 sequitur
576 2371 612 2424 ut
634 2383 828 2446 quaeramus
839 2359 879 2446 1),
909 2381 972 2446 quo
994 2361 1063 2425 fere
1085 2381 1170 2425 anno
1195 2361 1296 2425 oratio

202 2463 314 2528 habita
336 2485 407 2528 esse
429 2462 589 2531 uideatur.
645 2464 731 2551 quod
752 2464 790 2530 F.
813 2461 960 2528 Rankius
983 2463 1145 2550 quondam
1167 2465 1202 2527 in
1223 2462 1297 2528 libri

201 2569 258 2654 qui
279 2566 465 2632 inscribitur
488 2565 735 2653 encyclopaedie
757 2566 815 2630 der
835 2566 1019 2632 wissensch.
1043 2587 1073 2630 u.
1089 2564 1208 2630 ktinste
1223 2576 1296 2632 tom.

159 2696 161 2699 ·
201 2671 252 2736 24.
275 2692 352 2757 pag.
378 2672 448 2736 118.
479 2671 622 2756 sperauit
648 2671 717 2736 fore
739 2669 913 2756 aliquando
936 2678 972 2733 ut
992 2679 1118 2753 tempus
1142 2669 1296 2734 orationis

197 2772 367 2838 XXXIII.
386 2784 537 2838 accurate
566 2773 693 2838 definiri
726 2782 851 2858 posset,
872 2772 906 2837 id
928 2771 1035 2838 adhue
1057 2782 1208 2836 euentum
1230 2795 1295 2837 non

200 2875 324 2941 habuit.
371 2897 476 2962 neque
499 2877 584 2941 enim
607 2876 758 2959 contigit,
785 2886 822 2939 ut
842 2876 1100 2960 inuestigaretur,
1124 2897 1188 2960 quo
1212 2896 1295 2939 anno

198 2989 305 3044 terrae
334 2978 388 3044 ille
409 2987 515 3044 motus
540 2979 662 3058 fuisset,
685 3001 748 3064 quo
772 2977 994 3043 Cherronesus
1016 2986 1146 3042 uastata
1168 3001 1241 3042 esse
1263 2979 1294 3042 in

200 3083 344 3149 oratione
373 3091 533 3147 narratur.
584 3092 712 3147 tantum
739 3090 867 3147 constat
894 3092 969 3168 post
995 3102 1116 3146 annum
1137 3081 1200 3145 341
1226 3103 1294 3147 ora·

198 3188 318 3252 tionem
350 3185 495 3250 habitam
524 3207 612 3251 esse:
643 3208 719 3251 nam
741 3184 936 3250 Heraclidae
962 3183 1164 3268 argentaria,
1198 3206 1294 3270 quam

196 3289 291 3354 tertio
314 3310 399 3353 anno
424 3298 497 3352 ante
520 3310 617 3373 quam
638 3288 679 3352 lis
704 3289 829 3353 intenta
855 3299 904 3353 est
927 3287 1115 3353 dissolutam
1142 3308 1214 3352 esse
1230 3288 1294 3370 §.9

199 3393 351 3476 scriptum
368 3389 526 3467 uidemus,
542 3387 645 3476 usque
661 3391 703 3456 ad
718 3414 840 3456 annum
852 3393 914 3458 343
929 3392 1037 3456 floruit
1048 3393 1084 3476 ²).
1129 3391 1295 3456 Arnoldus

195 3611 323 3683 parait
340 3612 505 3683 etrange‚
524 3630 584 3668 car
601 3612 768 3668 l’arbitre
786 3629 821 3666 se
844 3611 1004 3667 trouvait
1022 3612 1115 3666 ainsi
1133 3614 1234 3668 avoir
1251 3632 1294 3669 un

195 3698 327 3754 interit
345 3699 435 3753 dans
453 3699 620 3755 l'affeire
639 3699 726 3770 qu’il
745 3699 836 3754 dtait
853 3697 997 3769 appelle
1015 3697 1159 3771 hjuger.

265 3788 292 3856 1)
310 3785 346 3840 cf.
361 3785 508 3842 Sohaeferi
529 3787 582 3841 uol.
596 3787 664 3840 IIIB
682 3803 747 3858 pag.
766 3787 818 3842 299
837 3801 932 3857 pron,
952 3785 1044 3840 Blass.
1061 3786 1078 3842 l.
1097 3786 1131 3841 cl.
1150 3803 1216 3858 pag.
1230 3790 1292 3844 512.

262 3875 290 3940 2)
309 3873 344 3928 cf.
357 3871 457 3946 [Dem]
471 3872 667 3930 XXXXVIII.
688 3875 721 3926 12
734 3872 868 3945 ἀργύριον
882 3869 907 3924 δ’
924 3871 989 3924 εἴτι
1001 3871 1148 3925 κατέλιπεν
1160 3872 1174 3924 ὁ
1188 3874 1293 3927 Κόνων

194 3988 228 4000 -
248 3959 297 4030 qui
315 3960 428 4029 quidem
447 3975 522 4015 anno
539 3961 591 4015 343
608 3967 737 4014 mortuus
750 3965 800 4024 est,
818 3959 853 4013 cf.
879 3958 1003 4012 eiusdem
1016 3959 1149 4013 orationis
1167 3965 1191 4025 ἓ.
1210 3963 1246 4016 26
1264 3967 1291 4014 et

191 4044 302 4100 Schaef.
315 4045 384 4099 111ss
397 4063 464 4117 pag.
483 4047 535 4102 239
549 4077 584 4086 -
605 4047 730 4116 φανερὸν
748 4050 795 4099 ἐπὶ
813 4051 852 4118 τῇ
873 4049 1025 4120 τραπέζῃ
1043 4052 1083 4119 τῇ
1098 4045 1289 4118 Ἡρακλεί-

191 4129 263 4197 dcv,
283 4134 371 4186 τοῦθ’
389 4131 468 4186 ἅπαν
487 4129 585 4200 σχεδόν
598 4153 627 4188 τι
641 4130 772 4200 ἀνηλώθη
791 4133 830 4189 εἴς
847 4153 878 4186 ue
895 4132 948 4199 τὴν
965 4133 1060 4204 ταφὴν
1079 4137 1126 4184 καὶ
1144 4126 1232 4188 τᾶλλα
1252 4130 1287 4188 sd

190 4218 372 4291 νομιζόμενα.
