2700 4658
508 298 544 309 ..
588 260 631 326 43
669 299 716 365 ¹-

124 511 129 519 ,
152 427 408 522 Μυρρινούσιος,
430 436 542 500 ἔπειτα
564 424 765 517 πειράσομαι
780 434 837 497 καὶ
851 437 886 496 ἐκ
904 431 1083 518 τεκμηρίων
1098 425 1162 510 τὴν

152 533 341 622 ἀπολογίαν
368 535 584 617 ποιήσασθαι
614 528 640 600 oi
668 527 782 619 ἄνδρες
809 533 974 600 δικασταί.
1026 534 1161 619 πρῶτον

153 641 214 725 μὲν
242 639 338 706 ΟΥΝ
361 634 435 706 τὸν
460 633 616 725 χρόνον
637 640 774 723 ἐμαυιιρ
794 633 940 721 ἡγοῦμαι
960 629 1160 724 μάρτυρα

153 739 238 808 εἶναι
266 745 328 809 τοῦ
353 742 401 828 μὴ
421 740 549 822 ἀληθὲς
570 737 610 806 τὸ
634 743 779 825 ἔγκλημα
801 737 886 806 εἶναι
913 779 954 788 -
985 740 1055 826 (27)
1078 739 1162 822 λαβὲ

154 840 196 925 δή
217 871 276 930 μοι
298 848 354 912 καὶ
376 839 437 913 τὸν
458 838 564 930 νόμον
587 838 624 920 ὃς
646 838 763 909 κελεύει
785 837 848 919 scic
863 839 983 930 ἐγγύας
997 844 1161 917 ἐπετείους

154 946 246 1015 εἶναι.
298 951 353 1014 καὶ
383 945 445 1015 οὐκ
474 949 683 1034 ἰσχυρίζομαι
710 947 759 1032 τῷ
785 940 890 1031 νόμῳ,
922 945 965 1022 ὡς
991 943 1030 1012 οὐ
1054 946 1102 1012 δεῖ
1121 969 1161 1029 με

152 1053 247 1131 δίκην
258 1053 384 1133 δοῦναι,
393 1058 419 1118 εί
426 1045 655 1137 ἠγγυησάμην,
664 1044 750 1116 ἀλλιλ
763 1041 957 1135 μοίρτυροὲ
970 1051 1041 1137 μοί
1060 1070 1161 1136 φημι

154 1150 231 1223 τὸν
259 1151 391 1241 νόμον
417 1154 529 1221 εἶναι
558 1153 618 1219 τοῦ
647 1147 694 1238 μὴ
722 1147 955 1238 ἐγγυήσασθαι
977 1154 1034 1217 καὶ
1056 1145 1163 1217 αὑτὸν

155 1256 284 1324 τοῦτον.
340 1281 381 1322 ex
411 1281 474 1346 quo
498 1259 730 1323 sententiarum
752 1277 878 1322 conexu
900 1256 980 1320 satis
1003 1275 1162 1343 superque

154 1361 280 1427 elucere
300 1363 380 1427 mihi
401 1362 529 1428 uidetur
551 1370 711 1427 oratorem
732 1382 773 1426 ea
793 1358 994 1442 testimonia,
1021 1379 1105 1444 quae
1127 1381 1162 1422 se

154 1463 355 1551 prolaturum
376 1466 532 1552 promisit,
552 1489 588 1530 re
609 1486 689 1530 uera
709 1464 889 1551 protulisse.
937 1463 971 1528 in
992 1485 1031 1528 ea
1054 1471 1162 1528 autem

153 1590 190 1633 re
211 1578 307 1651 errat,
329 1566 417 1654 quod
439 1591 478 1632 ea
500 1577 701 1654 argumenta,
729 1557 812 1652 quae
833 1564 942 1650 legum
964 1574 997 1630 et
1017 1567 1160 1631 testimo-

153 1673 279 1737 niorum
302 1672 511 1737 fundamento
533 1673 689 1747 nituntur,
711 1670 791 1756 ipsis
813 1670 947 1755 opponit
963 1671 1162 1754 argumentis

156 1783 188 1839 et
214 1776 345 1840 nomine
371 1767 550 1859 μαρτύρων
578 1775 720 1858 insignit.
777 1792 973 1859 quamquam
1000 1796 1065 1838 non
1094 1784 1161 1838 tam

155 1879 314 1943 errauisse
344 1878 472 1942 uidetur
498 1900 596 1965 quam
625 1876 770 1944 consulto
799 1875 862 1941 hac
891 1875 1063 1942 uerborum
1089 1899 1163 1943 con-

48 2030 57 2039 .
156 1982 282 2047 fusione
303 2003 382 2046 usus
404 2003 484 2062 esse,
507 1991 544 2046 ut
566 1980 784 2069 sophistarum
806 1979 930 2044 ratione
954 1978 1105 2063 efficeret,
1127 1989 1163 2046 ut

156 2087 187 2148 ei
219 2086 275 2172 qui
307 2087 485 2150 orationem
507 2085 658 2151 audirent
688 2084 750 2149 sibi
774 2084 1006 2173 persuaderent
1026 2105 1062 2148 re
1083 2107 1163 2150 uera

154 2187 348 2253 inartificiali
377 2189 570 2277 probatione
600 2188 855 2255 demonstratum
877 2208 964 2266 esse,
999 2187 1086 2274 quod
1108 2188 1162 2252 de·

155 2299 370 2357 monstratum
384 2315 449 2358 non
465 2303 543 2359 erat.
587 2292 673 2358 hanc
686 2294 721 2357 in
735 2293 928 2357 sententiam
942 2299 978 2354 ut
992 2289 1164 2378 disputem,

155 2415 194 2457 ea
224 2395 427 2482 potissimum
447 2417 483 2461 re
505 2418 716 2478 conmoueor,
748 2394 835 2481 quod
853 2394 955 2474 idem,
980 2395 1035 2480 qui
1064 2404 1161 2460 antea

156 2493 329 2583 μάρτυρας
364 2505 397 2560 et
430 2491 589 2582 τεκμήρια
615 2497 711 2586 plane
743 2498 906 2580 distinxit,
935 2506 1049 2584 postea
1078 2498 1163 2562 hanc

159 2599 398 2666 distinctionem
419 2602 490 2689 ipse
512 2601 680 2667 obscurat:
703 2623 779 2664 nam
801 2621 874 2663 cum
896 2599 1102 2688 paragrapho
1121 2603 1162 2665 27

161 2693 222 2766 τὸν
250 2694 357 2785 νόμον
386 2704 448 2769 sibi
476 2700 631 2790 μάρτυρα
659 2725 731 2768 esse
762 2703 864 2783 dicat,
892 2702 1099 2791 paragrapho
1122 2704 1163 2768 28

158 2804 208 2868 his
217 2807 337 2891 pergit:
349 2808 499 2890 γενέσθω
512 2809 626 2873 τοίνυν
634 2807 724 2872 ΚΑΙ
730 2808 831 2872 τοῦτο
844 2803 923 2890 ιίμῖν
939 2799 1165 2891 τεκμήριον,

160 2910 253 2994 quasi
283 2918 380 2973 antea
405 2932 470 2974 non
491 2911 675 2982 testimonia
698 2910 755 2975 sed
777 2920 968 2995 argumenta
990 2910 1167 2997 protulerit.

162 3034 200 3076 ao
222 3009 373 3075 facillime
394 3012 465 3076 fieri
485 3014 601 3100 potuit,
622 3022 659 3078 ut
681 3023 789 3079 orator
809 3014 933 3079 iudices
948 3015 1093 3079 oratione
1108 3035 1168 3078 sua

156 3113 290 3181 falleret.
349 3117 468 3180 etenim
502 3117 599 3180 etiam
629 3116 657 3180 si
684 3139 749 3182 non
777 3117 1023 3199 Demosthenis,
1059 3125 1168 3181 tamen

162 3217 298 3282 aliorum
316 3226 482 3284 oratorum
502 3220 601 3284 moris
624 3227 682 3300 est,
704 3228 740 3283 ut
761 3219 954 3284 documenta
974 3228 1065 3284 muta
1086 3214 1169 3304 μοίρ-

162 3344 263 3407 τυρας
285 3321 402 3386 dicant.
426 3321 463 3386 of.
488 3321 614 3407 [Dem]
636 3321 847 3389 XXXXVII.
869 3324 919 3387 24.
943 3318 1072 3388 τούτων
1092 3319 1170 3403 ὑμῖν

162 3418 378 3509 μα’ρτυρας
410 3423 597 3508 παρέξομαι
617 3420 666 3490 τό
695 3448 739 3490 τε
769 3418 968 3513 ψήφισμα
997 3426 1063 3489 καὶ
1093 3417 1183 3488 τὸν

161 3527 303 3609 νόμον,
326 3532 437 3593 ἔπειτα
459 3529 521 3606 τὴν
545 3522 651 3614 ἀρχὴν
673 3519 781 3607 αὐτὴν
803 3520 864 3606 τὴν
879 3525 1099 3610 παραδοῦσαν
1115 3528 1172 3592 καὶ

165 3629 410 3714 εἰσαγαγοῦσαν
444 3634 488 3707 είς
521 3623 559 3696 τὸ
589 3627 818 3715 δικαστήριον,
850 3631 1001 3696 Aeschin.
1031 3628 1091 3697 ΙΙΙ.
1120 3631 1172 3694 31.

164 3727 377 3819 μιίρτυρας
398 3726 470 3816 ἅμα
492 3728 588 3810 τούς
608 3728 756 3818 νόμους
778 3735 846 3798 καὶ
863 3726 1173 3822 τολψηφίσματα

167 3837 224 3900 καὶ
247 3831 325 3911 τούς
347 3833 537 3911 ἀντιδίκους
558 3829 780 3923 παρεχόμενος
801 3837 1006 3921 maximeque
1024 3832 1175 3928 Aeschin.

166 3937 209 4004 Il.
244 3939 294 4002 31.
332 3941 389 4003 καὶ
428 3931 566 4004 πάντων
603 3931 650 4004 ὦν
686 3939 812 4025 ε’ίποιμι
846 3932 1066 4025 μάρτυρας
1101 3929 1176 4012 τὰς

168 4042 340 4106 ἐκείνων
369 4034 601 4116 ἐπιστολὰς
629 4038 837 4129 παρειχόμην
867 4044 937 4107 καὶ
969 4034 1018 4105 τοί
1041 4043 1175 4128 ψηφί-

171 4164 311 4227 σματα
328 4143 388 4209 τοῦ
400 4140 506 4228 δήμου
522 4145 595 4209 καὶ
611 4139 686 4220 τὰς
699 4147 1005 4219 Καλλισθένους
1021 4136 1177 4230 ἀνοχάς,

49 4297 53 4304 .
170 4269 233 4334 quo
270 4246 400 4332 quidem
436 4248 506 4314 loco
535 4250 672 4313 oratoris
702 4248 841 4315 audacia
871 4271 936 4314 non
949 4316 951 4322 A
965 4248 1083 4315 lenitur
1116 4247 1179 4333 syl·
