2700 4658
502 255 708 318 ‚31-

56 425 240 511 Apaturius
269 426 494 490 mercatoriam
521 425 629 512 potius
650 424 737 488 litem
760 445 857 509 quam
879 423 977 487 aliam
999 423 1151 488 intendit:

54 527 188 615 saepius
211 529 332 593 factum
347 528 483 611 uidetur,
505 537 546 607 ut
563 526 746 592 actionibus
761 526 935 590 menstruis
948 563 990 576 —
1006 527 1052 590 sic
1067 527 1152 590 enim

54 628 258 716 appellamus
277 652 367 716 ,quae
388 629 507 695 Graeci
535 622 699 714 ἐμμήνους
728 628 841 694 dicunt
865 667 908 681 -
930 638 1043 694 contra
1064 629 1153 714 leges

53 740 234 812 ¹saltarentur,
256 755 320 819 quo
343 731 486 797 faciliore
507 740 541 796 et
561 732 778 798 commodiore
798 732 918 797 iudicio
935 731 1044 796 adius
1059 754 1152 797 suum
1201 784 1204 792 .

56 836 283 920 peruenirent,
312 836 413 900 ueluti
433 835 670 900 Pantaenetum
702 858 722 899 a
744 835 901 900 Nicobulo
922 837 1049 901 actione
1069 857 1151 900 mer·

56 939 183 1007 maesia
202 937 243 1005 ds
257 942 395 1026 pecunia
409 947 598 1004 accusatum
612 961 684 1003 esse
698 937 872 1004 memoriae
887 938 1050 1024 proditum
1064 944 1152 1018 est1).

144 1041 241 1109 uenio
262 1064 349 1107 nunc
370 1041 414 1106 ad
436 1042 695 1130 exceptionem2).
740 1050 830 1107 actor
851 1041 945 1122 enim,
964 1043 1032 1107 sine
1046 1042 1153 1107 dubio

55 1144 137 1231 quie
163 1143 345 1224 metuebat,
374 1167 416 1210 ne
446 1147 474 1209 si
495 1146 679 1210 summatim
700 1146 828 1210 actione
848 1153 1014 1209 menstrua
1036 1141 1154 1210 caussa

57 1255 225 1332 ageretur,
253 1247 377 1313 iudices
398 1249 539 1335 Apaturi
561 1250 686 1314 artibus
708 1258 740 1313 et
761 1247 898 1312 fallaciis
920 1248 1155 1333 deciperentur,

58 1350 102 1417 ad
123 1371 276 1418 caussam
297 1350 438 1415 delatam
458 1351 653 1417 descendere
675 1351 777 1416 noluit
799 1349 856 1415 sed
877 1352 1084 1438 παραγραφῇ
1098 1371 1154 1415 ex·

58 1454 209 1538 ceptione
239 1461 288 1520 eet
317 1475 413 1534 usus,
442 1463 478 1520 ut
492 1456 730 1520 mercatoriam
757 1457 914 1518 actionem
945 1454 1007 1518 sibi
1038 1453 1155 1518 debere

57 1555 185 1627 intendi
213 1566 355 1640 negaret.
406 1564 504 1642 atque
527 1566 652 1638 orator,
673 1567 710 1622 ut
730 1558 800 1622 iure
822 1566 966 1622 actorem
987 1557 1154 1641 excepisse

59 1657 187 1746 probet,
209 1658 291 1725 duas
313 1659 408 1724 affert
427 1659 555 1746 legem),
570 1683 707 1747 quarum
720 1661 825 1726 altera
838 1658 1045 1747 paragrapho
1060 1659 1155 1723 tertia

59 1761 113 1829 his
135 1760 245 1829 uerbis
266 1763 465 1828 continetur:
486 1766 552 1831 ὅσα
572 1767 634 1849 μὲν
649 1766 722 1848 ἐμοὶ
737 1765 793 1829 καὶ
809 1756 919 1845 τούτῳ
935 1767 1059 1846 ἐγένετο
1075 1781 1154 1846 σαμε

57 1859 186 1948 βόλαια
207 1858 348 1930 πόντων
370 1860 568 1951 ἀπαλλαγῆς
590 1870 647 1932 καὶ
668 1863 812 1955 ἀφέσεως
834 1869 1023 1951 γενομένης,
1045 1865 1157 1948 altera,

59 1989 159 2054 quem
187 1970 328 2035 maxime
357 1971 474 2054 premit
499 1980 608 2036 orator
640 1991 776 2056 eamque
805 1968 846 2033 ob
877 1989 1027 2032 caussam
1048 1967 1154 2054 planis

59 2070 173 2139 uerbis
194 2071 400 2158 paragrapho
422 2071 530 2138 ΙόιΠ
552 2095 740 2161 expressam
761 2073 796 2137 in
816 2071 976 2158 principio
999 2072 1154 2137 orationis

59 2173 178 2259 posuit,
199 2173 308 2257 uerbis
330 2176 487 2261 proximis
508 2177 723 2262 significatur:
747 2168 851 2242 ἀλλον
873 2172 1081 2257 συμβολαίου
1095 2169 1155 2240 σία

60 2267 160 2352 ὄντος
187 2268 263 2343 οὔτε
289 2277 450 2345 ναυτικοῦ
478 2275 555 2345 οὔτε
583 2276 709 2366 ἐγγείου.
760 2300 897 2365 quarum
923 2277 1031 2361 legum
1061 2279 1157 2366 prior,

61 2396 259 2465 quamquam
284 2403 350 2446 non
373 2380 476 2447 solum
498 2382 541 2447 ad
562 2383 683 2447 iudicia
705 2383 897 2447 mercatoria
916 2380 1069 2466 pertinet,
1098 2381 1156 2445 sed

61 2484 158 2568 quasi
187 2504 335 2547 normam
361 2485 525 2570 quandam
552 2487 694 2550 omnium
724 2485 914 2549 iudiciorum
944 2485 1086 2548 continet
1114 2519 1154 2535 -

60 2585 101 2651 cf.
123 2583 282 2653 XXXVI.
306 2587 357 2651 23.
381 2584 442 2651 οὐκ
463 2580 594 2653 ἐόντων
608 2587 676 2653 τῶν
689 2579 802 2666 νόμων
820 2585 914 2659 δίκας
936 2579 989 2650 τόν
1010 2578 1061 2668 ἀν
1082 2582 1159 2674 ἀφῇ

61 2712 113 2764 τις
136 2683 229 2767 ἅπαξ
251 2682 429 2775 λαγχάυαν
451 2691 487 2756 cl
504 2695 534 2774 ξ.
550 2691 600 2758 25.
620 2691 733 2774 διόπερ
748 2686 848 2754 τοῦτο
862 2687 998 2772 πρῶτον
1012 2691 1158 2776 ἔγραφεν

62 2783 176 2876 duda
203 2785 311 2875 νόμον
330 2794 407 2869 θεὶς
436 2786 483 2859 oia
508 2790 555 2878 μὴ
584 2792 667 2860 εἶναι
688 2794 796 2875 δίκας,
826 2784 891 2856 ὅσα
914 2814 965 2867 τις
987 2786 1158 2878 ἀφῆκενῆ

62 2888 264 2972 ἀπήλλαξεν.
307 2894 485 2964 XXXVII.
510 2900 539 2965 1.
561 2892 748 2964 δεδωκότων
770 2893 838 2962 τῶν
858 2884 972 2978 νόμων
986 2890 1158 2980 παραγριί·

61 2997 209 3080 φασθαι
226 3000 324 3082 περὶ
345 2986 372 3062 ὦ
380 3023 399 3064 ν
419 3000 471 3067 ἀν
494 3023 545 3074 τις
567 2996 665 3085 ἀφεὶς
687 3001 743 3064 καὶ
758 2989 956 3076 ἀπαλλάξας
973 2992 1156 3076 δικάζηται.

61 3097 258 3173 XXXVIII.
276 3102 303 3166 1.
326 3097 514 3169 δεδοικότων
535 3100 602 3167 τῶν
616 3096 728 3184 νόμων
742 3095 1045 3188 παραγράψασθαι
1060 3102 1156 3184 περὶ
1198 3105 1201 3110 ’

62 3192 114 3268 ὧν
143 3203 194 3269 ἀν
222 3226 273 3278 τις
302 3199 397 3292 ἀφείς
426 3207 484 3270 καὶ
504 3196 702 3283 ἀπαλλάξας
723 3204 827 3270 πόλιν
849 3197 1026 3282 δικάζηται
1047 3202 1085 3270 cl.
1106 3202 1157 3268 25.

62 3303 236 3394 [XXXV.]
258 3305 288 3387 5,
308 3307 339 3391 6,
360 3309 413 3391 40,
433 3310 484 3376 51.
515 3345 555 3376 -,-
589 3316 697 3373 tamen
727 3328 792 3372 non
814 3307 981 3371 minimum
1002 3305 1089 3370 ualet
1114 3304 1168 3369 ad.

61 3409 341 3496 interpretandam
370 3410 505 3477 alteram
524 3412 644 3496 legem,
673 3431 739 3496 qua
768 3417 837 3475 tota
860 3407 1008 3495 exceptio
1028 3407 1158 3472 nititur:

62 3520 135 3589 τοῖς
156 3514 231 3600 περὶ
259 3512 327 3580 τόν
354 3506 402 3599 μὴ
423 3519 605 3600 γενομένων
626 3513 841 3598 συμβολαίων
861 3515 906 3586 είς
927 3512 1036 3599 κρίσιν
1057 3512 1157 3576 καδι

62 3619 240 3700 σταμόυοις
279 3622 331 3683 ἐπὶ
367 3611 430 3696 τὴν
463 3609 692 3705 παραγραφὴν
728 3609 953 3702 καταφεύγων
989 3613 1104 3678 ίδωκιν
1139 3610 1157 3678 ὁ

135 3819 162 3889 1)
177 3813 328 3874 XXXVII.
345 3819 457 3875 35-38.
493 3818 532 3876 cf.
550 3817 694 3875 Schsefer.
711 3816 768 3874 uol.
786 3818 851 3873 111ss
870 3835 935 3889 pag.
953 3819 1006 3874 200
1023 3835 1121 3890 proxx.

134 3907 165 3975 2)
183 3905 218 3959 de
235 3904 399 3976 exceptione
417 3907 453 3959 cf.
464 3904 577 3962 Heffter
585 3921 652 3976 pag.
670 3905 722 3960 289
734 3921 840 3976 proxx,
858 3903 986 3963 Schocm.
1004 3904 1058 3960 litt.
1071 3904 1156 3960 Attio.

64 4002 131 4063 pag.
150 3993 203 4047 644
219 4009 307 4063 prox,
327 3990 452 4046 Platner.
470 3985 492 4046 I.
510 4009 577 4064 pag.
601 3991 652 4046 138
669 4005 765 4061 proxx.

135 4079 165 4135 3l
183 4080 255 4132 κατὰ
268 4081 347 4135 cosia
358 4079 472 4147 νόμους
484 4098 621 4133 τουτσυσ
629 4084 650 4132 l:
665 4077 719 4132 hoc
731 4082 831 4131 contra
842 4076 983 4131 Blassium
995 4077 1158 4142 monuerim,

66 4168 115 4238 qui
133 4167 151 4221 l.
169 4165 206 4222 cl.
225 4171 254 4220 ct
270 4182 337 4238 pag.
353 4167 406 4223 512
423 4167 454 4224 et
471 4183 537 4238 pag.
552 4166 607 4223 513
632 4164 667 4220 de
683 4179 741 4219 una
758 4164 821 4234 lege
844 4163 982 4235 loquitur:
1011 4165 1062 4218 der
1083 4180 1158 4219 vom

65 4260 210 4329 gesetae
227 4253 418 4325 vorgesehene
436 4252 488 4308 fall
504 4284 540 4295 -
558 4252 619 4308 dae
635 4255 731 4324 geseta
749 4250 819 4306 wird
836 4249 1009 4325 vergelesen.
