2700 4658
527 271 738 336 ..71-

88 446 232 526 spectas,
259 439 347 506 milla
368 450 538 528 praeterea
561 441 735 508 similitudo
758 444 916 525 cernitur,
945 452 981 508 ut
1003 444 1072 509 ueri
1095 445 1179 509 simi·

88 543 150 608 lius
171 542 257 608 mihi-
273 545 422 612 uideatur
444 566 485 611 ex
506 567 571 613 uno
593 545 770 632 eodemque
790 545 880 610 fonte
902 545 982 610 duos
1003 546 1076 611 illos
1091 545 1179 613 locos

87 649 280 726 mansuisse,
302 669 399 736 quam
424 649 612 736 scriptorem
632 650 786 715 orationis
809 648 964 714 XXXIII
986 651 1179 717 sententiam

87 772 179 816 suam
202 773 246 825 cx
266 751 495 819 Demosthenis
516 753 661 818 oratione
676 752 830 819 hausisse.

170 855 238 920 iam
267 878 343 922 uero
375 856 419 922 ad
442 856 576 922 alteram
598 855 638 920 de
660 854 840 926 elocutione
861 855 1053 944 particulam
1074 863 1178 921 trano

84 978 198 1024 eamus
222 969 256 1025 et

457 1086 460 1091 ⁴
524 1079 570 1126 uu
593 1078 731 1127 oursrv
1130 1130 1133 1135 .

85 1164 241 1232 dicamus.
293 1166 395 1231 oratio
416 1162 586 1244 XXXIII,
618 1186 814 1252 quamquam
842 1189 908 1232 non
929 1167 1026 1253 plane
1047 1165 1179 1231 horrida

83 1276 149 1348 est,
180 1276 290 1333 tamen
319 1267 418 1332 multo
448 1265 630 1351 languidior
657 1276 689 1335 et
706 1268 827 1336 lentior
848 1270 926 1335 mihi
948 1268 1078 1334 uidetur
1099 1288 1179 1348 essa
1303 1292 1304 1297 ¹

83 1391 183 1456 quam
207 1392 289 1456 quae
311 1370 523 1437 Demostheni
546 1369 645 1437 tribui
666 1373 777 1457 possit.
828 1373 949 1438 trustra
971 1373 1057 1437 enim
1079 1392 1176 1457 quae·

81 1475 185 1538 rimus
224 1475 340 1539 summi
372 1471 459 1539 illius
487 1473 684 1538 Graecorum
716 1477 853 1541 oratoris
884 1476 951 1540 uirn
982 1484 1014 1540 ct
1040 1475 1177 1561 copiam,

80 1598 180 1662 quam
205 1578 354 1663 priuatae
383 1577 480 1641 etiam
503 1577 574 1642 eius
596 1579 776 1660 orationes,
797 1578 947 1664 quamuis
967 1578 1002 1641 in
1024 1576 1179 1643 mediocri

80 1701 203 1765 genere
224 1689 401 1761 uersentur,
422 1689 530 1745 tamen
551 1681 668 1745 mirum
688 1681 723 1745 in
745 1679 876 1746 modum
898 1680 1091 1768 praeferunt.

172 1804 212 1847 ac
239 1783 378 1870 primum
408 1784 536 1870 quidem
566 1785 709 1871 scriptor·¹
724 1784 877 1850 orationis
898 1783 1052 1849 XXXIII
1069 1783 1178 1850 uerbis

86 1885 182 1971 inops
205 1894 262 1966 est,
282 1894 319 1950 ut
339 1887 436 1951 etiam
459 1885 515 1967 ibi,
536 1887 593 1953 ubi
614 1888 742 1953 uariare
764 1887 853 1956 haud
867 1887 997 1953 difficile
1010 1895 1090 1978 eret,
1106 1907 1176 1952 eas·

88 1987 161 2053 (lem
176 1987 312 2075 phrases
327 1990 360 2053 in
375 1997 443 2053 tam
457 1988 548 2055 breui
561 1992 706 2057 oratione
720 2000 778 2056 aut
791 1997 936 2078 repetere
952 1999 1008 2056 sut
1021 2000 1070 2054 ter
1082 1991 1179 2054 stiam

86 2113 208 2177 ponere
231 2114 295 2158 non
319 2091 523 2159 dubitauerit.
546 2095 586 2160 cf.
609 2094 638 2158 2.
663 2092 783 2170 οίὸίκως
806 2091 1101 2179 ἐγκαλοῦντας
1121 2093 1179 2158 καὶ
1290 2155 1296 2177 l

105 2246 114 2262 .
146 2195 464 2279 συκοφαντοῦντας,
495 2200 523 2265 3.
558 2196 852 2281 ἐγκαλοῦντος
884 2191 937 2263 τῶ
964 2192 1178 2283 φευδῆκαὶ

82 2291 201 2380 παρὰ
232 2298 333 2373 τούς
355 2292 514 2383 νόμους
540 2298 772 2384 δικαζομένου,
795 2301 825 2366 4.
848 2291 1176 2386 παρῶτούςοό-

82 2423 188 2486 μους
216 2400 352 2486 είληχί
378 2424 449 2486 μοι
480 2397 556 2482 τὴν
583 2403 711 2481 δίκην
740 2404 811 2468 καί
840 2399 893 2469 τοί
914 2401 1045 2490 speclei
1069 2406 1177 2486 ἐγκί-

83 2505 253 2583 κληκεν,
284 2505 333 2568 35.
364 2499 418 2571 τοί
443 2503 579 2587 φενδῦ
606 2529 679 2588 μοι
709 2507 932 2590 ἐγκέκληκε
961 2505 1032 2570 καί
1062 2501 1179 2589 παροί

83 2602 183 2683 τοὺς
214 2600 379 2690 νόμους
407 2603 483 2687 τὴν
511 2606 635 2687 λῆξιν
664 2610 898 2686 πεποίηται
935 2645 972 2654 -
1013 2609 1042 2675 3.
1069 2603 1089 2673 ὁ
1118 2599 1179 2672 τὸν

83 2706 201 2796 εἰγῶνα
231 2711 365 2777 τουτονί
387 2714 647 2795 κατοσκευακῶς,
677 2713 725 2777 18.
749 2708 767 2778 ὁ
791 2710 902 2776 ταῦτα
924 2701 1178 2788 κατασκευάζων

82 2851 126 2866 ·-
155 2815 185 2878 9.
217 2809 278 2892 τὴν
307 2811 392 2878 ναῦν
421 2814 596 2902 ἐξορμίσαι
623 2855 663 2864 -
696 2807 756 2880 τίν
786 2813 871 2881 ναῦν
903 2813 1101 2900 ἐξορμίζειν,
1128 2813 1180 2878 24.

83 2911 237 3005 ἐξώρμιζε
267 2912 329 2995 τὴν
358 2915 443 2983 ναῦν
471 2957 509 2966 -
542 2920 591 2984 13.
622 2919 830 2997 ἐνεστηκυίας
854 2918 888 2983 δέ
910 2916 970 2992 τῦς
992 2917 1100 2998 δίκης,
1130 2915 1179 2984 15.

83 3017 302 3097 ἐνεστηκυιῶν
323 3019 351 3083 δ’
366 3016 480 3096 αὐτοῖς
502 3021 569 3087 τῶν
591 3021 691 3087 δικῶν
713 3060 756 3070 -
779 3022 827 3087 15.
851 3021 1033 3087 συνέθεντο
1049 3058 1089 3070 -
1106 3040 1180 3088 σνν-

82 3123 223 3204 θίμενοι
244 3121 278 3185 (ll
301 3121 411 3188 ταῦτα
433 3163 474 3173 -
498 3127 547 3189 15.
573 3126 726 3190 ἐτίθεντο
749 3162 791 3172 -
813 3125 948 3190 θίσθαι
965 3162 1006 3172 -
1022 3126 1180 3191 τίθενται

84 3261 125 3273 -
158 3225 207 3290 17.
229 3217 338 3303 ἦλθεν
360 3227 414 3290 ἐπὶ
437 3219 476 3292 τὸ
499 3226 739 3313 ἀμφισβητεῖν,
769 3229 819 3292 29.
842 3227 928 3310 ἐντὶ,4
941 3219 982 3301 τίς
1004 3219 1181 3306 συνθήκας

85 3329 169 3392 ίεναι
191 3365 233 3375 -
256 3328 309 3392 ἐπὶ
332 3319 372 3392 τὰ
396 3328 576 3412 ἀρνεῖσθαι
599 3316 719 3408 ἦλθον.
764 3328 841 3417 quid
867 3328 953 3415 quod
976 3337 1062 3394 totae
1085 3351 1179 3416 para

84 3429 202 3517 graphi
224 3439 291 3494 tam
314 3432 397 3495 inter
419 3454 453 3495 se
476 3432 596 3497 similes
620 3442 704 3514 sunt,
728 3443 764 3498 ut
778 3433 924 3520 scriptor,
951 3453 1024 3496 cum
1044 3432 1179 3498 alteram

87 3533 251 3616 scriberet,
273 3533 408 3599 alteram
432 3544 507 3601 ante
530 3535 639 3602 oculos
662 3536 814 3601 habuisse
837 3535 1007 3600 uideatur?

130 3637 179 3703 14.
195 3635 352 3702 ἐντεῦθεν
365 3640 478 3704 τοίνυν
491 3633 530 3704 τὸ
541 3640 603 3723 μὲν
628 3652 630 3679 ⁵
686 3640 737 3704 30.
747 3631 879 3714 ἐπειδὴ
889 3633 1180 3722 ἠφανίσθησαν

83 3730 142 3817 τῆς
180 3740 358 3822 ἐπιτροπῦρ
401 3743 531 3807 ἐλέλυτο
560 3738 602 3819 ἡ·
655 3735 1185 3823 αίσυνθηκαιὺιιὸτοῦτνιν,ἐζή-

84 3829 334 3929 φανισμένων
359 3843 433 3911 τῶν
456 3848 604 3924 συνθη-
657 3866 752 3910 τονν
782 3848 914 3928 ἐτέρας
948 3837 1180 3928 γράφεσθαι

85 3945 160 4009 κῶν
174 3947 309 4010 καὶτῶν
322 3947 500 4026 διαιτητῶν
515 3943 604 4012 ιἰντι-
658 3939 772 4021 οὗτος
788 3947 852 4009 καὶ
871 3942 888 4009 ὁ
907 3945 1120 4028 Παρμένων
1138 3943 1180 4020 ὡς

66 4049 276 4132 λεγομένων.
319 4048 605 4135 ἐπιχειροῦντες
660 4044 792 4134 ίίκῦρων
806 4042 912 4113 ὄντων
931 4045 998 4110 τῶν
1017 4039 1180 4131 πρότερον

43 4146 47 4161 ’
86 4150 125 4214 δέ
154 4141 322 4235 γροίφέιν
356 4156 488 4238 ἐτέρας
518 4174 605 4217 σνν-
660 4145 1180 4238 ὡμολογημένων...πῶςένῦνμὴ

85 4247 605 4337 θήκαςιιερὶτοῦτωνδιηνέ-
661 4251 913 4344 γραφεισῶν
969 4251 1181 4331 συνθηκῶν
