2700 4658
596 1016 802 1111 CapntL

164 1159 168 1166 .
199 1195 253 1262 no
274 1211 411 1277 mussa
434 1214 523 1276 quse
545 1199 584 1262 in
606 1200 769 1264 oratione
790 1200 962 1263 sonemus
982 1198 1212 1280 spatarium

423 1301 560 1381 scripta
579 1303 787 1379 enarratur,
809 1302 979 1385 sgnum).

242 1424 387 1552 Antea
408 1509 505 1572 quam
520 1489 564 1551 ad
585 1491 691 1575 ipsam
706 1512 856 1554 caussam
871 1488 1072 1566 accedamus,
1096 1488 1141 1551 de
1157 1487 1275 1553 homi·

159 1589 255 1654 nibus
278 1591 334 1674 qui
355 1591 390 1654 in
410 1588 474 1654 hac
495 1590 640 1655 oratione
661 1604 771 1678 partes
792 1603 894 1676 agunt
917 1590 1031 1678 paucis
1053 1611 1278 1675 exponamus

159 1712 291 1756 necesse
312 1701 370 1756 est.
414 1714 532 1757 nomen
554 1695 624 1757 eius
645 1695 702 1778 qni
724 1696 880 1758 aduersus
902 1694 1097 1779 Apaturium
1120 1695 1278 1780 excepit,

160 1815 256 1879 quem
277 1815 337 1858 nos
359 1793 530 1858 breuitatis
560 1816 678 1860 caussa
699 1798 817 1862 actoris
838 1798 967 1862 nomine
988 1796 1278 1878 significabimus,

159 1895 248 1982 quod
268 1895 365 1960 fuerit
389 1897 566 1980 ignoratur.
611 1909 706 1983 atque
734 1900 800 1962 iam
822 1900 963 1984 antiquis
992 1897 1025 1959 id
1052 1899 1277 1985 temporibus

160 1995 323 2062 obliuione
353 1998 502 2063 obrutum
532 1999 633 2063 fnisse
661 2011 693 2065 et
713 2024 772 2086 per
794 2024 829 2065 se
855 2011 1008 2086 patet-
1029 2021 1112 2063 nam
1138 2001 1277 2068 Demo-

161 2098 284 2163 sthenis
321 2100 482 2165 orationes
518 2102 664 2184 priuatas
699 2103 887 2187 plerumque
919 2099 1084 2185 neglectas
1118 2104 1279 2169 monisse

162 2210 290 2266 constat
310 2238 354 2249 —
375 2210 407 2265 et
436 2213 546 2287 aperte
567 2201 740 2283 Libanins,
773 2205 879 2289 isqui
900 2202 969 2267 IIII
991 2212 1067 2287 post
1089 2201 1279 2274 Christum

159 2312 274 2367 natum
297 2304 425 2368 saeculo
446 2313 639 2388 argumenta
660 2307 842 2371 orationum
864 2305 1018 2385 coniecit,
1046 2316 1202 2374 testatur
1224 2334 1279 2390 eo,

159 2404 247 2491 quod
260 2415 402 2471 actorem
416 2405 603 2492 simpliciter
621 2406 682 2470 τὸν
702 2402 1007 2491 παραγραψάμενον
1030 2407 1122 2474 dicit
1156 2424 1278 2478 aetate

159 2529 239 2572 uero
260 2509 326 2571 iam
341 2529 549 2594 progressum
563 2508 663 2571 fuisse
678 2518 820 2575 actorem
842 2522 920 2582 tum,
942 2529 1016 2570 cum
1030 2516 1279 2598 exceptionem

159 2609 357 2690 intenderet,
390 2609 465 2672 inde
495 2609 591 2692 plane
626 2621 774 2694 apparet,
807 2609 893 2695 quod
920 2618 994 2693 post
1023 2603 1130 2694 quam
1163 2620 1279 2685 multa

159 2711 279 2778 multas
294 2713 328 2774 in
343 2719 447 2774 terras
460 2711 577 2773 itinera
591 2712 753 2775 maritima
762 2720 960 2775 mercaturas
975 2711 1126 2779 faciundi
1143 2740 1280 2787 caussa

159 2813 307 2892 confecit,
337 2814 402 2876 iam
423 2832 528 2897 paene
550 2820 675 2896 septem
696 2835 800 2877 annos
826 2813 994 2877 continuos
1015 2813 1180 2885 Athenas
1206 2846 1281 2890 non

158 2915 305 3002 reliquit,
335 2914 392 2979 sed
413 2934 477 2998 quo
501 2913 602 2978 uitam
625 2936 716 2978 suam
739 2924 947 2992 sustentaret,
976 2919 1161 3001 pecuniam
1186 2949 1283 2992 mer.

160 3027 274 3082 catura
295 3026 421 3102 partam
451 3018 558 3080 usuris
584 3018 722 3080 nauticis
751 3017 934 3081 foenerabis
962 3028 1010 3080 est
1024 3019 1059 3100 ²).
1109 3028 1281 3096 condicio

230 3207 257 3269 1)
279 3204 386 3256 Eadem
405 3202 441 3255 de
459 3218 489 3254 re
508 3218 672 3272 exposuere:

229 3288 368 3342 Libanins
386 3288 416 3341 in
434 3291 599 3357 argumento
617 3288 751 3340 orationis
769 3286 902 3352 XXXIII,

228 3376 255 3429 J.
268 3376 446 3428 Hermannus
459 3375 489 3427 in
507 3372 603 3426 libello
616 3373 665 3441 qui
683 3373 844 3425 inscribitur
856 3373 1023 3427 einleitende
1038 3377 1280 3459 bemerkuugen

159 3481 196 3516 au
210 3461 416 3516 Demosthenes
429 3457 688 3530 paragraphischen
701 3458 795 3525 reden,
805 3457 913 3510 Erfurti
925 3461 1000 3523 1853,
1013 3478 1103 3534 pagg.
1119 3468 1137 3520 7
1154 3489 1281 3538 prom,

228 3546 373 3600 Arnoldus
398 3544 533 3600 Schaefer
559 3544 589 3595 in
614 3542 679 3595 libri
707 3531 755 3613 qui
783 3549 825 3595 est
854 3545 888 3596 de
914 3544 1109 3604 Demosthene
1141 3558 1280 3632 eiusque

159 3639 256 3689 aetate
273 3632 415 3686 uolumine
432 3629 510 3696 IIIB,
528 3645 614 3698 pagg.
634 3628 685 3681 297
703 3645 807 3695 proxx„

228 3718 397 3786 Rudolphus
422 3715 570 3768 Darestius
597 3714 627 3765 in
651 3712 665 3764 I
690 3713 831 3765 uolumine
854 3714 919 3768 libri
941 3716 990 3784 qni
1017 3717 1202 3783 inscribitur
1234 3734 1280 3788 les

157 3804 321 3874 plaidoyers
334 3804 414 3857 civils
428 3802 463 3854 de
476 3798 666 3852 Demosthene
683 3798 803 3850 traduits
816 3813 849 3850 en
868 3799 992 3867 franpais
1005 3818 1078 3858 avec
1091 3823 1280 3878 argument„

158 3898 188 3946 et
205 3896 296 3958 notes,
313 3888 431 3942 Parisiis
449 3886 528 3949 1875,
546 3900 632 3954 pagg.
653 3885 704 3938 197
722 3901 826 3952 proxi„

227 3975 389 4029 Pridericus
406 3970 533 4025 Blassius
551 3969 580 4020 in
604 3967 669 4020 libri
694 3968 729 4021 de
745 3969 958 4024 Atheniensium
983 3971 1161 4042 eloquentia
1186 3991 1279 4045 nolu·

155 4063 233 4116 mine
251 4061 302 4126 111,
320 4059 437 4128 Lipsiae
455 4055 532 4119 1877,
550 4069 635 4123 pagg.
655 4054 705 4137 511
724 4071 819 4124 prou

223 4144 458 4220 Ddsshb
