2700 4658
541 832 692 929 Caput
724 830 779 908 II.
866 862 867 866 ¹

116 1013 164 1083 Ite
194 1015 373 1099 scriptore
401 1015 576 1083 orationis
605 1015 779 1084 aduersus
806 1013 1019 1098 ripatorium
1049 1017 1207 1087 heoltce.

196 1159 338 1289 Oratio
360 1222 517 1290 aduersus
531 1221 725 1310 Apaturium
747 1223 860 1291 habite
882 1218 978 1313 (πρός
990 1221 1210 1313 ’όπατοόριον

116 1320 335 1416 παραγραφτῇ
347 1325 1211 1413 interDemosthenisorationesXXXllInumeretur,

116 1439 150 1497 ut
177 1430 358 1497 orationum
386 1432 696 1519 paragraphiccrum
718 1451 801 1519 quae
824 1430 973 1498 dicuntur
995 1434 1136 1501 secunde
1159 1436 1209 1502 sit.

116 1549 174 1601 nee
203 1555 357 1621 umquem
386 1533 515 1600 uidetur
542 1536 684 1623 antiquis
706 1535 904 1623 temporibus
926 1535 1108 1603 dubitatum
1130 1561 1211 1622 esse,

116 1637 193 1724 quin
213 1635 443 1703 Demosthenis
464 1637 680 1704 existimanda
702 1647 796 1707 esset.
842 1638 1093 1726 Harpocratieni
1113 1651 1210 1724 certe,

116 1741 171 1828 qui
200 1740 374 1805 multorum
396 1741 579 1806 orationum
600 1741 926 1808 Demosthenicerum
947 1744 1210 1829 inscriptionibus

116 1842 193 1910 illud
215 1835 398 1928 ιλγνόσιος
420 1841 438 1909 ὁ
460 1838 560 1930 λόγος
582 1844 717 1927 adiecit,
749 1844 851 1911 dubie
878 1869 944 1911 non
966 1853 1016 1910 est
1036 1846 1108 1911 uisc
1131 1869 1156 1916 s.
1179 1871 1210 1912 u.

107 1941 286 2037 Ὀφρύνιον
311 1968 385 2033 pag.
408 1945 471 2012 229
494 1945 591 2013 Dind.
620 1947 841 2032 Δημοσθένης
871 1956 905 2015 ἐν
933 1948 983 2034 τῷ
1004 1943 1088 2035 πρὸς
1106 1945 1209 2016 Ἀπα-

116 2046 258 2137 τούριον.
301 2050 398 2126 πόλις
420 2051 491 2115 ἐστὶ
513 2049 572 2129 τῆς
599 2044 756 2134 Τρῳάδος
777 2048 820 2127 ὡς
841 2052 937 2132 δηλοῖ
954 2049 1156 2137 Ἀνδροτίων
1178 2060 1213 2121 ἐν

117 2155 147 2246 γ’
172 2153 338 2227 Ἀτθίδος.
392 2157 470 2221 item
498 2155 599 2221 Iulius
632 2152 765 2239 Pollux,
800 2157 892 2222 cuius
920 2166 1031 2224 temen
1060 2155 1213 2224 iudicium

117 2262 251 2329 minoris
274 2260 455 2326 ducendum
477 2269 535 2341 est,
556 2262 710 2347 quonism
732 2258 862 2350 quidem
883 2281 948 2327 non
969 2262 1042 2350 plus
1057 2259 1155 2325 semel
1169 2297 1212 2309 -—

118 2365 195 2432 1111.
220 2365 282 2431 144
304 2400 346 2416 -·
359 2361 587 2429 Demosthenis
610 2366 788 2431 orationem
802 2365 838 2427 in
853 2365 1064 2450 suspitionem
1074 2365 1214 2445 uocauit,

120 2479 155 2537 ut
188 2466 414 2533 Demosthenis
443 2465 533 2531 illem
562 2468 740 2533 orationem
768 2466 915 2532 laudauit
941 2466 984 2532 H.
1007 2468 1059 2532 28.
1111 2462 1214 2553 cinop-

120 2571 228 2663 ῥηθὲν
257 2571 291 2636 δ’
318 2565 412 2654 αὐτῷ
433 2569 653 2654 Δημοσθένης
677 2566 745 2634 εἶπε
767 2563 808 2636 τό
838 2565 1074 2657 ἀπαγοριυθέν
1103 2601 1142 2619 -·
1173 2571 1214 2650 cf.

121 2675 273 2742 orationis
289 2669 322 2764 ξ.
337 2675 387 2740 21.
410 2709 451 2722 -—
466 2683 499 2738 et
510 2672 599 2742 VIII.
616 2674 666 2741 64.
680 2670 891 2759 προσθετέον
905 2670 939 2737 δὲ
950 2681 1021 2748 τοῖς
1036 2676 1215 2760 τλρημόνοις

122 2780 178 2845 καὶ
205 2772 300 2844 τόδε·
344 2777 460 2841 δίαιτα
490 2769 662 2856 διαιτητής
690 2770 1015 2858 συνδιαιτητός,
1043 2770 1087 2851 ὡς
1108 2774 1216 2860 Δημο-
1256 2802 1259 2808 ·

124 2884 249 2962 σθένης
264 2918 304 2930 -
317 2880 357 2945 cf.
369 2879 524 2947 cretionis
536 2883 586 2962 ἐξ.
604 2879 654 2948 19.
669 2880 719 2945 20.
735 2879 786 2945 33.
798 2872 878 2944 ἄνευ
895 2878 962 2945 τῶν
973 2876 1217 2957 συνδιαιτητῶν

125 3024 164 3036 -
199 2994 231 3050 et
259 2985 397 3050 fortasse
423 2982 521 3048 etiem
550 2982 593 3050 ΙΙ.
626 2983 695 3050 129.
717 2982 892 3069 ἀπόφασις
914 2981 941 3047 δ
968 2981 1023 3047 ἐπὶ
1045 2979 1219 3060 διαιτητοῦ

124 3083 166 3168 ἣν
181 3090 238 3154 καὶ
259 3085 382 3174 γνῶσιν
403 3087 497 3153 καλεῖ
508 3085 729 3171 Δημοσθένης
743 3125 786 3137 -
801 3087 840 3152 cf.
860 3086 1014 3151 orationis
1036 3088 1064 3166 ξ.
1080 3085 1130 3151 22.
1145 3085 1220 3168 περὶ

126 3187 188 3274 τὴν
216 3190 341 3278 γνῶσιν
371 3188 430 3268 τῆς
460 3189 609 3271 διαίτης,
636 3189 686 3254 23.
710 3190 768 3268 τῆς
794 3183 940 3275 γνώσεως
961 3191 1145 3272 γενομένης,
1168 3186 1220 3251 29.

125 3291 172 3383 μὴ
182 3299 358 3383 γενομένης
366 3290 424 3372 τῆς
435 3282 649 3377 γυιόσιιιςβθ.
657 3288 838 3377 μελλούσης
849 3286 996 3377 γνώσεως
1007 3283 1220 3376 γενήσεσθαι,

127 3402 176 3467 32.
207 3391 449 3485 ἰσχυριζόμενος
472 3399 512 3484 τῇ
530 3389 772 3479 Ἀριστοκλέους
793 3389 910 3479 γυόσει
942 3430 985 3440 -
1006 3414 1090 3479 quae
1111 3401 1221 3457 temen

127 3503 229 3569 uerba
250 3503 349 3566 etiam
370 3498 413 3563 ed
435 3497 655 3564 ccxxxvi.
673 3501 720 3580 ἐξ.
739 3498 779 3562 16
800 3506 832 3561 et
848 3498 885 3561 17
909 3496 1069 3582 respicere
1085 3507 1222 3583 pessunt

129 3646 166 3659 -
199 3600 267 3684 τὴν
291 3602 413 3689 γνῶσιν
445 3594 507 3680 τὴν
535 3604 713 3687 γινομένην
738 3605 774 3665 ἐν
796 3589 983 3685 ἀκροπόλει,
1005 3593 1140 3664 όικοόετι
1161 3596 1222 3676 τῆς

126 3702 271 3796 γνώσεως
295 3708 382 3792 -¹).
424 3704 603 3770 recentiore
632 3714 741 3769 eutem
769 3701 926 3769 memorie
947 3710 980 3767 et
1003 3699 1158 3767 Benseler
1187 3701 1222 3765 in

200 3881 228 3951 1)
247 3894 284 3934 ne
303 3876 366 3948 quis
379 3873 546 3946 decipietur,
559 3873 686 3930 Pollucis
703 3873 793 3928 uerba
807 3870 854 3928 v1.
873 3872 931 3928 153.
950 3895 985 3922 =
1003 3868 1077 3925 VIII.
1096 3869 1138 3924 30.
1175 3876 1223 3923 καὶ

131 3968 146 4021 ό
165 3967 348 4035 Δημοσθένης
366 3957 724 4035 καταψευδομαρτυροῦμαι
741 3976 779 4015 sc.
800 3957 873 4032 λέγει
894 3975 953 4015 non
975 3958 1013 4013 ad
1029 3955 1163 4012 ΧΧΧῙΠ.
1181 3959 1226 4012 37.

134 4047 485 4125 καταψευδομαρτυρηθείς
501 4047 651 4104 referende
669 4051 742 4114 sunt,
761 4048 811 4102 sed
830 4045 867 4101 ad
884 4043 966 4099 XXI.
986 4044 1044 4100 136.
1063 4040 1126 4099 ἀλλ’
1146 4033 1227 4097 οὗτοι

134 4136 171 4192 δι’
184 4141 294 4206 ἔχθραν
306 4131 605 4207 κατυψεόδονταίῑμου,
621 4129 950 4206 καταψινδομαρτυροῦ
955 4152 1001 4202 μα
1011 4151 1031 4192 ι,
1048 4129 1097 4185 ubi
1109 4147 1224 4218 prprsus
1326 4156 1327 4159 ¹

134 4223 341 4283 ecdemiermn
357 4229 408 4280 est.
