2700 4658
659 261 871 324 „30-

218 435 273 520 qui
300 457 332 497 u
364 432 394 497 d.
421 453 497 518 pag.
519 433 583 496 292
603 432 702 496 haec:
731 431 821 497 haste
848 431 917 496 sich
946 430 1004 495 der
1030 428 1187 513 hektsgts
1215 430 1306 514 inquit

218 535 365 599 wirklich
388 536 442 598 fiir
461 534 646 600 Parmenon
667 534 832 619 verbtirgt,
859 559 896 600 sc
917 544 1006 598 wire
1027 531 1112 598 auch
1133 553 1243 617 gegen
1260 530 1305 596 ihu

218 641 291 702 eine
321 635 557 722 handetskiage
593 637 736 722 aulissig
764 660 914 722 gewesen
927 639 962 722 ¹).
1024 637 1079 699 ein
1107 633 1306 720 eigentlichcr
1344 632 1346 677 ἕ

218 740 488 824 handelsvertrag
518 740 592 825 lage
613 763 681 804 nun
703 741 774 805 hier
795 742 885 806 nicht
904 743 952 804 im
972 738 1094 818 mistel,
1119 737 1175 804 die
1196 738 1305 803 rechts
1344 756 1346 825 ;

218 843 415 928 streitigkeit
444 842 544 909 selbst
571 843 702 908 bezieht
731 846 802 908 sich
823 867 885 908 nur
905 841 1069 906 mittelbar
1089 841 1229 921 darauf,
1255 862 1306 905 nur
1344 830 1346 841 '

216 947 361 1013 inaufern
383 946 432 1010 als
460 946 518 1010 der
540 946 694 1030 beklagte
715 946 784 1012 und
803 948 988 1012 Parmenon
1009 943 1086 1030 geld
1108 943 1305 1029 hergegebeu

218 1052 330 1116 hatten
351 1072 407 1114 um
429 1049 483 1114 die
503 1049 673 1135 glAubiger
692 1051 751 1116 des
764 1051 945 1136 Apaturius
968 1070 1029 1112 aus
1044 1049 1151 1112 duem
1165 1045 1304 1112 handels-

219 1163 372 1238 vertrage
394 1175 436 1216 uu
457 1152 659 1236 befriedigen
679 1154 747 1219 und
765 1154 818 1218 die
834 1153 969 1218 deshulb
983 1144 1188 1237 geschehene
1201 1149 1304 1236 pfund-

217 1257 398 1341 bestsliung
423 1255 497 1320 eine
518 1256 716 1342 zwistigkeit
742 1257 903 1321 zwischen
924 1255 1110 1320 Parmencn
1139 1253 1209 1318 und
1229 1254 1305 1340 Aps·

218 1361 323 1423 turius
344 1357 589 1440 herbeiffihrtu.
632 1383 692 1425 nec
705 1384 779 1425 mea
794 1361 954 1426 sententia
969 1381 1007 1424 eo
1021 1359 1217 1440 infirmatur,
1231 1355 1305 1444 quud

217 1474 308 1528 actor
328 1484 393 1527 non
415 1472 483 1525 tam
504 1472 604 1547 negat
624 1462 713 1528 litem
733 1465 958 1529 mercatoriam
975 1463 1038 1527 sibi
1052 1461 1179 1526 intendi
1193 1460 1305 1525 licitum

217 1587 299 1646 esse,
322 1587 419 1652 quam
440 1588 493 1630 res
516 1567 559 1631 ab
572 1567 733 1652 Apaturio
755 1568 871 1632 allatas
892 1568 985 1632 fictas
1006 1587 1079 1632 esse
1099 1565 1304 1630 demonstrat:

216 1671 428 1755 nequeenim
451 1680 611 1734 oratorem
632 1692 766 1755 prorsus
788 1671 873 1755 fugit
893 1670 928 1734 id
949 1670 1153 1755 potissimum
1177 1666 1242 1732 sibi
1260 1665 1304 1730 de

217 1771 462 1838 monstrandum
489 1795 561 1837 esse
588 1784 787 1838 contractum
816 1775 1044 1839 mercatoriam
1065 1764 1191 1836 nullum
1214 1770 1304 1836 actori
1344 1790 1346 1803 ·

217 1897 288 1940 esse
309 1898 382 1939 cum
404 1878 564 1962 Apaturio
586 1916 628 1924 -
650 1877 690 1942 cf.
712 1878 743 1942 3.
765 1877 870 1943 ἄλλον
890 1877 928 1942 δὲ
947 1877 1216 1961 συμβολαίου
1241 1868 1304 1942 οὐκ

218 1971 343 2053 ὄντος
359 1981 432 2063 ἐμοὶ
447 1973 530 2066 πρὸς
546 1981 668 2046 τοῦτον
682 1976 953 2068 παρεγραψάμην
967 1983 1037 2045 κτλ.
1051 1982 1098 2044 13.
1109 1972 1197 2065 μετὰ
1209 1983 1304 2044 ταῦτα

218 2084 334 2146 τοίνυν
349 2084 422 2164 ἐμοὶ
444 2085 506 2166 μὲν
526 2076 624 2148 οὔτε
644 2083 787 2166 μεῖζον
808 2076 891 2148 οὔτ’
905 2085 1089 2148 ἔλαττον
1110 2077 1304 2168 superauit

217 2185 554 2270 σνμβολαιονγέ
560 2207 760 2270 γονεν,-
776 2186 833 2249 sed
848 2183 1302 2272 quoniamfinesiurisdictic·

219 2310 297 2351 num
318 2287 456 2352 Athenis
477 2289 584 2351 minus
607 2297 756 2352 accurate
777 2290 967 2376 praescripti
989 2298 1091 2372 erant,
1118 2289 1223 2353 tutius
1244 2285 1302 2351 fore
1344 2310 1346 2397 ι

219 2391 417 2455 existimauit
450 2393 642 2478 praesertim
680 2392 768 2479 apud
803 2393 973 2458 iudices
963 2394 1044 2456 ruris
1072 2392 1256 2477 imperitos,
1281 2384 1302 2450 si
1344 2382 1346 2479 ξ

220 2515 284 2557 non
314 2495 410 2560 modo
440 2493 562 2559 nullum
592 2504 791 2583 contractum
821 2498 1064 2576 mercatorium‚
1093 2493 1149 2558 sed
1183 2492 1302 2558 omnino

217 2596 296 2660 nihil
317 2600 428 2682 negoti
443 2597 505 2661 sibi
520 2619 594 2661 cum
608 2597 767 2685 Apaturio
783 2623 855 2666 esse
870 2597 1196 2683 demonstrauisseu).
1228 2592 1302 2661 addc

219 2699 306 2784 quod
334 2723 405 2764 mos
435 2710 503 2764 tum
525 2699 663 2766 Athenis
684 2705 942 2788 inueterauerat,
967 2713 1003 2766 ut
1025 2702 1226 2787 excipientes
1246 2717 1302 2763 non

220 2802 321 2867 solum
337 2804 543 2890 exceptiones
558 2826 634 2870 suas
644 2805 804 2892 legitimas
816 2828 888 2872 esse
898 2805 1059 2871 iudicibus
1070 2803 1302 2891 persuaderent,

219 2905 277 2969 sed
299 2908 397 2972 etiam
419 2929 552 2973 caussas
574 2930 651 2974 suas
672 2908 820 2975 meliores
841 2932 913 2975 esse
935 2910 1081 2976 oratione
1102 2906 1218 2973 eadem
1238 2924 1302 2992 pre

221 3008 337 3075 barent
347 3014 384 3098 ⁴).
428 3011 568 3098 denique
597 3012 639 3076 ad
669 3021 849 3077 extremum
877 3035 919 3077 ne
945 3014 1016 3099 quis
1045 3011 1196 3093 miretur,
1226 3003 1303 3095 quod

289 3233 318 3302 1)
338 3232 456 3287 eandem
474 3233 504 3287 in
521 3235 687 3288 sententiam
706 3234 833 3288 Blassius
850 3249 916 3305 pag.
934 3235 987 3287 514
1005 3232 1088 3286 haec:
1106 3250 1165 3286 war
1183 3232 1244 3293 dies
1261 3230 1303 3285 der

218 3316 279 3382 fall,
299 3318 399 3388 iuquit,
418 3320 454 3389 (si
472 3326 551 3374 actor
568 3337 620 3390 pro
638 3320 828 3376 Parmenonte
845 3335 929 3391 prees
947 3318 1041 3373 factus
1059 3321 1152 3388 esset),
1177 3316 1303 3375 sustani

220 3403 273 3457 auf
281 3405 375 3475 grand
386 3405 477 3459 dieses
486 3405 832 3477 geschiiftsverhtiltuisses
844 3407 889 3460 die
896 3405 1103 3476 handelsklage
1111 3407 1175 3461 dem
1182 3409 1238 3478 Ap.
1249 3402 1302 3460 tuot

286 3491 315 3554 2)
331 3493 513 3561 posteriorem
528 3487 616 3546 'huius
633 3494 790 3559 sententiae
802 3499 912 3564 purtem
927 3493 1045 3548 uerbum
1057 3509 1092 3548 ex
1103 3495 1193 3548 uerbo
1207 3493 1228 3548 1.
1240 3491 1302 3547 Her·

218 3593 337 3630 mannus
354 3594 421 3649 pag.
440 3579 457 3632 8
476 3579 597 3650 repetiit.

287 3665 316 3735 3)
334 3663 371 3719 cf.
389 3664 505 3720 Ptatner
528 3666 547 3722 l.
572 3667 625 3722 cl.:
659 3666 706 3720 die
724 3666 777 3720 auf
798 3665 875 3720 diese
892 3667 1041 3721 umstande
1062 3668 1206 3737 gestiitrta
1218 3677 1302 3736 ¹paru

217 3750 325 3823 graphe
343 3752 488 3807 bezweckt
512 3754 557 3806 die
580 3753 746 3823 abweisung
770 3754 821 3808 der
838 3753 924 3825 klage
948 3754 1081 3827 eusdem
1100 3752 1223 3822 gumtis,
1247 3745 1303 3803 weil

218 3838 264 3893 dia
281 3840 429 3894 tatas-chen
447 3839 566 3894 unwahr
582 3839 642 3893 und
661 3840 801 3894 erdichtet
819 3841 895 3907 sind,
924 3841 993 3896 aber
1010 3841 1089 3897 nicht
1108 3839 1225 3910 durum,
1248 3831 1303 3891 wu'l

219 3925 363 3981 dieselben
381 3942 418 3980 an
436 3928 495 3981 und
518 3925 566 3981 fur
588 3927 650 3982 sich
671 3944 707 3980 zu
732 3925 831 3982 keinar
858 3927 1063 3999 handelsklago
1086 3926 1146 3980 sich
1169 3925 1302 3997 signator.
1334 3940 1340 3956 ’

216 4011 239 4065 1.
258 4012 436 4067 Hermannus
463 4029 530 4085 pag.
547 4013 565 4067 8
583 4013 746 4068 Platnerum
768 4015 810 4069 ita
830 4014 969 4085 sequitur,
986 4021 1018 4068 ut
1035 4029 1071 4069 ne
1088 4012 1179 4068 uerba
1196 4011 1302 4084 quiden

216 4098 416 4170 immutarent,
434 4117 605 4172 quamquam
623 4107 764 4155 auctorem
783 4118 863 4156 suum
882 4117 939 4155 uon
957 4101 1065 4155 laudat.

287 4188 315 4255 4)
332 4187 368 4241 cf.
388 4186 516 4241 Schoem.
535 4187 571 4240 dc
589 4186 643 4240 litt.
662 4189 721 4242 Act,
738 4204 804 4259 ρος.
823 4188 876 4242 650
893 4187 966 4240 med.
991 4193 1018 4241 et
1035 4186 1247 4260 Volkmaonus,
1270 4184 1302 4239 Ae

218 4272 391 4345 Graecorum
409 4280 469 4334 arte
487 4273 637 4351 rhetorica,
655 4273 780 4331 Beroliui
799 4274 877 4342 1872,
895 4289 964 4351 ρος.
980 4274 1021 4330 57.
