2700 4658
595 219 807 283 „52-

156 390 234 477 ‘quin
255 393 350 474 μέχρι
372 382 463 462 τινός
485 389 650 476 superiore
673 410 770 456 sensu
788 393 978 476 usurpatum
994 409 1014 452 e
1028 385 1247 452 Demosthene

154 492 315 578 profioisoi
346 493 503 579 potuerit:
532 514 607 557 nam
629 499 725 581 μέχρι
746 502 779 558 et
800 492 878 579 ἄχρι
898 513 972 557 oum
994 491 1248 556 demonstratiuo

154 595 344 683 pronomine
374 594 547 659 ooniunota
576 596 705 682 saepius
732 595 772 660 de
794 603 939 682 tempore
961 615 1060 680 quam
1083 594 1124 658 de
1146 592 1250 678 gradu

154 707 308 778 usurpata
338 707 420 762 sunt.
452 698 490 762 of.
520 697 664 764 XVIIII.
697 700 738 764 10
764 708 796 764 et
824 697 952 762 XVIII.
975 694 1248 782 48et[LV111.]

154 802 195 866 29
223 805 347 886 μέχρι
376 795 534 866 τούτου
563 808 637 887 ἕως,
666 801 793 869 ΧΧΙΙΙ.
818 803 880 868 146
907 807 1029 888 μέχρι
1051 801 1129 886 μὲν
1152 791 1244 864 τού-

154 927 227 971 του
250 940 289 953 -
313 906 435 987 ἔπειτα,
456 903 498 968 ib.
516 905 577 969 122
600 901 697 991 ἄχρι
720 896 877 971 τούτου
899 908 954 970 καὶ
978 905 1086 992 φιλεῖν
1105 898 1171 988 χρὴ
1194 903 1248 967 καὶ

152 1014 261 1092 μισεῖν
281 1006 459 1090 μηδετέρου
482 1002 543 1072 τὸν
565 1005 682 1094 καιρὸν
705 1002 971 1093 ὑπερβάλλοντος
986 1005 1095 1092 (plena
1110 1005 1247 1070 formula

154 1122 202 1176 est
223 1108 416 1176 XXXVII)
439 1101 517 1196 ολχρι
539 1104 662 1176 τούτου
685 1109 746 1175 τοῦ
758 1103 903 1197 χρόνου).
929 1108 1014 1174 adde
1026 1113 1124 1195 μέχρι
1140 1111 1246 1191 τίνοςς

153 1220 210 1290 ἕως
233 1210 479 1300 [ΧΧΧΧΙΙΙΙ.]
497 1213 548 1295 24,
571 1206 770 1295 ἐβασάνιζον
793 1205 837 1278 ολν
849 1217 945 1301 μέχρι
960 1201 1000 1277 οὗ
1015 1206 1129 1287 αὐτοῖς
1144 1208 1245 1277 ἐδόκει

154 1317 345 1403 [L111.]25,
367 1320 462 1401 μέχρι
484 1319 546 1382 τού
567 1337 593 1381 o.
613 1316 772 1381 infinitiuo
795 1315 939 1384 XXVII.
953 1317 984 1398 2,
1006 1313 1186 1380 XXXVII.
1199 1317 1244 1380 15.

236 1414 275 1488 τὸ
305 1422 399 1486 πλεῖν
430 1419 653 1484 καταλέλυκαε
683 1418 836 1484 Reiskins
858 1420 971 1484 uertit:
1007 1418 1134 1498 ‚desii
1155 1430 1243 1483 more

153 1528 265 1589 arare‘.
317 1522 373 1608 qui
400 1521 528 1608 quidem
557 1545 635 1588 usus
665 1523 757 1588 uerbi
784 1519 962 1588 καταλύειν
983 1543 1004 1586 ο
1024 1520 1242 1587 Demosthene

152 1647 283 1714 prorsus
314 1624 437 1690 alienus
463 1636 521 1690 est.
574 1625 627 1690 hio
648 1626 734 1691 enim
757 1627 935 1691 καταλύειν
956 1624 1147 1712 plerumque
1170 1624 1243 1689 dioit

152 1729 194 1794 de
223 1727 379 1793 mutanda
410 1749 446 1790 re
474 1728 605 1814 publiea
634 1739 666 1794 et
693 1728 837 1795 delendis
867 1728 1008 1792 externis
1037 1726 1240 1792 ciuitatibus:

151 1831 241 1897 VIII.
265 1831 305 1897 10
326 1828 388 1908 τὴν
408 1823 626 1917 ὑπάρχουσαν
642 1831 684 1922 τῇ
706 1828 799 1899 πόλει
821 1823 964 1916 δύναμιν
985 1829 1183 1914 καταλῦσαι,
1202 1831 1241 1896 40

150 1940 218 2010 πῶς
241 1928 369 2012 ταύτην
392 1928 472 2018 [τὴν
486 1935 675 2021 πολιτείαν]
698 1930 876 2002 καταλύσει
882 1963 895 2010 ,·
917 1935 958 1999 76
980 1928 1019 1998 τὸ
1043 1933 1123 1999 ὅλον
1145 1956 1241 1998 κατα-

151 2033 302 2118 λύοντας,
313 2035 386 2102 XV.
399 2037 441 2101 20
453 2030 531 2112 τούς
543 2030 605 2112 τὰς
616 2041 784 2113 πολιτείας
796 2033 1036 2118 καταλύοντας,
1047 2035 1175 2101 XVIII.
1185 2036 1240 2102 102

149 2133 188 2205 τὸ
200 2133 360 2204 ναυτικὸν
374 2134 467 2222 ὑμῶν
482 2136 740 2225 καταλυόμενον,
752 2140 829 2204 XX.
840 2141 882 2205 70
896 2141 958 2219 τὴν
964 2139 1240 2220 Λακεδαιμονίων

150 2236 259 2328 ἀρχὴν
268 2232 518 2324 καταλύσαντα,
526 2241 634 2308 ΧΧΠ.
650 2243 692 2308 32
708 2236 767 2309 τὸν
782 2243 888 2328 δῆμον
903 2231 1100 2324 καταλῦσαι,
1116 2240 1240 2327 [ΧΠΙ.]

153 2347 192 2409 14
221 2338 283 2409 τὸν
305 2342 410 2428 δῆμον
432 2341 703 2428 καταλελύσθαι,
733 2346 888 2432 [LVIII]
911 2347 954 2410 34
976 2343 994 2411 ὁ
1018 2343 1122 2429 δῆμος
1142 2369 1240 2410 κατα·

148 2438 278 2528 λύεται,
306 2445 418 2510 ΧΧΠ.
440 2447 483 2512 48
512 2444 703 2526 καταλύσας
725 2444 895 2536 κληρωτὴν
916 2439 1039 2535 ἀρχήν,
1067 2447 1203 2512 ΧΧΙΙΙ.
1225 2448 1243 2512 9

150 2548 339 2615 καταλῦσαι
368 2544 445 2625 τοὺς
473 2554 600 2632 ἑτέρους
622 2553 796 2638 βασιλέας,
827 2553 871 2617 81
891 2552 1118 2635 δικαστηρίοις
1141 2576 1244 2619 κατα·

147 2652 332 2735 λυομένοις,
356 2650 501 2716 XXIIII.
524 2654 564 2717 91
594 2650 752 2720 καταλύει
773 2648 889 2722 πάντα
911 2648 956 2720 τοὶ
976 2648 1175 2740 πράγματα,
1202 2655 1247 2721 99

147 2756 181 2818 τί
206 2749 326 2821 λοιπὸν
354 2757 430 2821 ἔσθ’
459 2753 539 2840 ἡμῖν
561 2748 582 2834 ἢ
604 2750 878 2841 καταλελύσθαι,
908 2758 970 2823 102
992 2757 1053 2834 τὴν
1077 2757 1250 2838 διοίκησιν

27 2938 31 2946 Ι
149 2853 690 2943 καταλύει,ΧΧΧο11.6οπρᾶγμα
698 2860 827 2926 δίκαιον
835 2852 1251 2943 καταλύσειεΧΧΧλῙΙΙΙ.

148 2960 190 3025 22
212 2960 351 3045 πρᾶγμα
374 2962 504 3026 δίκαιον
518 2957 805 3046 καταλυθήσεται,
829 2962 998 3048 [LVHH.]
1011 2964 1052 3028 u>
1068 2967 1126 3028 ἵνα
1139 2965 1252 3048 μηδὲν

110 3085 112 3088 ’
130 3056 355 3142 καταλύηται
362 3064 437 3146 [τῶν
444 3064 685 3149 νομιζομένων]
698 3068 904 3151 praetereain
913 3089 957 3132 or.
965 3064 1252 3153 [XXXXVHIIJ

147 3176 212 3232 est:
237 3167 277 3231 13
301 3162 488 3252 στράτευμα
511 3163 697 3252 καταλύειν,
722 3171 763 3234 14
784 3179 817 3234 et
838 3171 881 3236 50
902 3164 962 3246 τολς
982 3163 1123 3255 τριήρεις
1138 3192 1251 3234 κατα,

103 3299 107 3309 ·
146 3264 242 3334 λύειν.
286 3270 418 3356 propius
450 3293 471 3335 a
493 3270 577 3351 looo,
609 3292 673 3356 quo
697 3272 737 3337 de
760 3274 876 3359 agitur,
899 3274 992 3339 abest
1011 3269 1157 3340 XVIIII.
1180 3275 1250 3339 112

147 3373 209 3450 τίοι
242 3371 399 3455 Θηβαίων
426 3365 525 3458 ὕβριν
547 3369 752 3440 καταλύσειν.
791 3376 832 3440 cf.
857 3376 932 3462 [X.]
961 3377 1001 3441 73
1030 3375 1073 3453 ἢν
1103 3371 1247 3462 [δόξαν]

146 3465 284 3559 αἰσχρόν
304 3480 396 3539 ἐστιν
425 3481 460 3540 ἐν
487 3476 541 3542 σοὶ
569 3477 754 3543 καταλῦσαι
778 3488 810 3544 et
832 3479 953 3564 [LXI]
976 3479 1018 3543 33
1040 3471 1249 3546 καταλύσειν

145 3567 207 3641 τὸν
236 3579 382 3644 ἔπαινον.
438 3579 495 3645 sed
525 3578 559 3643 hi
589 3578 650 3643 looi
679 3603 789 3647 omnes
818 3583 853 3647 in
883 3605 920 3647 eo
950 3581 1099 3646 differunt
1124 3580 1244 3647 abeis

145 3700 228 3764 quoe
251 3701 349 3766 supra
370 3682 536 3768 posuimus
559 3682 675 3763 uerbis,
697 3685 783 3770 quod
797 3687 832 3750 in
847 3684 995 3750 omnibus
1009 3685 1097 3750 notio
1114 3685 1233 3751 uiolen-

143 3782 208 3847 tiae
239 3783 339 3865 inest‚
369 3805 452 3870 quae
481 3787 514 3849 in
544 3784 711 3851 uocabulis
741 3781 780 3853 τὸ
811 3789 905 3854 πλεῖν
930 3783 1109 3854 καταλύειν
1128 3788 1239 3854 locum

143 3906 208 3948 non
237 3883 352 3950 hebet:
385 3910 461 3953 nam
482 3888 594 3954 uolens
617 3900 708 3955 actor
729 3892 886 3976 nauigare
908 3891 1012 3958 desiit.
1065 3912 1126 3956 neo
1147 3894 1234 3978 quis·

142 4007 239 4073 quam
267 3989 479 4056 Demostheni
516 3990 601 4056 huno
642 4015 735 4059 usum
764 3993 944 4059 uindioabit
972 3993 1011 4058 ol.
1042 3993 1159 4080 [LVI]
1191 3996 1234 4060 24

141 4095 392 4173 προκατέλυσαν
416 4084 512 4160 οὗτοι
532 4087 596 4159 τὸν
617 4095 732 4181 πλοῦν,
761 4119 845 4183 quae
863 4096 1000 4164 Wolfius
1023 4099 1122 4163 uertit
1148 4120 1236 4180 ,oum

140 4191 196 4257 isti
225 4197 465 4281 unuigationem
503 4199 795 4286 interrumperent‘:
831 4223 907 4267 nem
940 4203 1118 4270 orationem
1152 4201 1229 4270 LVI
