2700 4658
693 254 954 349 '-ae-

299 451 390 526 finito
405 460 602 526 concessere,¹
616 460 654 517 ut
668 451 821 538 Byzantii
841 451 935 518 liberi
950 461 1058 517 essent
1070 451 1104 537 ¹),
1126 461 1213 518 certe
1233 473 1337 537 usque

301 576 422 622 annum
443 556 516 638 331,
542 577 605 642 quo
628 577 713 622 anno
736 555 891 642 Byzantii
911 578 985 621 cum
1006 553 1157 642 Philippo
1180 554 1340 620 Macedon

301 677 378 742 rege
407 657 521 725 foedus
550 658 711 743 fecerunt,
748 659 974 749 commercium
1007 660 1091 724 inter
1120 657 1336 723 Athenienses

301 761 481 848 Byzantios
503 762 604 829 fuisse
625 784 692 828 non
714 770 763 829 est
785 762 871 850 quod
892 784 1057 848 negemus.
1101 760 1153 826 his
1178 761 1280 844 igitur
1301 783 1342 826 an

302 873 443 933 actorem
458 864 601 952 Byzanti
623 874 789 933 uersatum
810 866 968 932 existimo.
1012 873 1110 951 atque
1129 866 1177 930 ita
1197 863 1270 928 fieri
1284 871 1342 950 pot

300 979 337 1037 ut
365 969 469 1035 oratic
499 990 585 1035 anno
607 968 671 1034 339
692 967 882 1052 haberetur,
913 969 946 1034 id
969 968 1056 1056 quod
1080 967 1180 1033 multo
1202 965 1334 1054 planius

299 1071 411 1138 tabula
432 1071 495 1137 hac
515 1071 700 1157 intelleges:

385 1199 413 1241 a.
437 1176 609 1242 seu-351
631 1183 722 1241 actor
742 1176 886 1262 Byzanti
905 1183 1064 1243 uersatur.

381 1302 413 1346 a
437 1278 501 1345 345
521 1279 608 1344 idem
629 1279 787 1365 nauigare
809 1278 943 1345 desisti-t.

386 1405 416 1447 a.
437 1382 610 1448 344-339
631 1381 718 1447 idem
740 1383 894 1470 pecunias
916 1380 1053 1446 Athenis
1075 1379 1272 1446 foeneratur.

385 1508 415 1551 a.
437 1486 501 1552 343
523 1485 710 1568 argentaria
730 1484 925 1551 Heraclidae
946 1484 1049 1553 floret

385 1612 413 1656 a.
436 1588 498 1656 341
523 1596 647 1663 aestate
680 1588 859 1676 Apaturius
870 1589 1054 1655 Parmencn
1064 1586 1236 1653 Phocritus
1248 1586 1342 1652 Athe

719 1693 862 1758 ueniunt.

680 1796 769 1884 prior
789 1803 974 1861 contractus
994 1792 1032 1858 fit
1045 1793 1130 1858 inter
1150 1793 1342 1880 Apaturium

720 1905 872 1966 actorem.
1208 1957 1210 1960 .

682 1999 877 2066 Heraclidae
898 1999 1084 2085 argentaria
1107 1996 1303 2067 dissoluitur.

682 2104 779 2170 nauis
799 2104 940 2191 Apaturi
959 2103 1056 2168 uenit.
1098 2102 1228 2186 litigant
1253 2104 1339 2168 inter

701 2207 897 2292 Apaturius
920 2214 952 2270 et
972 2205 1168 2273 Parmenon.

682 2307 866 2375 Parmenon
888 2308 1018 2374 domum
1040 2309 1119 2375 abit.

529 2411 622 2477 initio
643 2409 760 2478 hiemis
774 2411 952 2478 Aristocles
973 2409 1013 2476 de
1027 2410 1253 2477 Parmenontis
1277 2434 1342 2477 caut

497 2519 499 2523 ’
681 2515 858 2601 cognoscit.

528 2618 588 2684 sub
609 2619 707 2685 finem
728 2618 843 2683 hiemis
865 2616 1044 2703 Apaturius
1065 2625 1209 2684 actorem
1232 2617 1274 2683 de
1296 2640 1342 2706 sp

574 2779 576 2783 ,
681 2723 772 2788 siens
792 2743 859 2786 non
879 2719 1029 2809 postulat.

385 2845 413 2890 s.
434 2823 499 2888 340
521 2823 628 2889 hieme
649 2824 828 2911 Apaturius
850 2832 992 2890 actorem
1011 2845 1077 2889 non
1100 2832 1241 2889 accusat

382 2949 411 2992 a
433 2926 497 2992 339
519 2924 633 2992 hiemis
661 2927 754 2993 initic
776 2927 957 3013 Apaturius
984 2934 1128 2992 actorem
1155 2925 1195 2991 ds
1217 2916 1342 3014 sponsi(

678 3031 830 3116 pustulat.
874 3039 965 3097 actor
986 3029 1114 3116 excipit.
1297 3045 1299 3049 ’

385 3151 499 3195 uerum
521 3129 606 3196 hanc
631 3134 790 3199 rationem
812 3153 878 3198 non
899 3133 1005 3217 magis
1026 3131 1210 3198 absolutam
1232 3141 1265 3196 et
1287 3155 1342 3220 per

300 3239 386 3297 ctam
414 3252 487 3298 esse
513 3253 611 3319 quam
633 3233 800 3319 thaeferi
820 3233 952 3300 infitiari
972 3257 1037 3303 non
1059 3257 1156 3323 quen:
1187 3243 1315 3302 tantum
1338 3264 1342 3297 t

297 3342 478 3401 monstrare
500 3335 597 3420 uului,
619 3360 684 3403 non
706 3346 793 3404 recte
809 3335 1018 3405 Schaeferum
1040 3349 1116 3405 ants
1136 3348 1285 3427 tempora
1299 3363 1342 3425 reg

295 3435 473 3523 Alexandri
495 3439 672 3524 orationem
694 3439 839 3507 habitam
862 3461 934 3507 esse
956 3441 1053 3527 plane
1074 3446 1257 3528 negauisse.

294 3574 504 3586 *am-

368 3641 396 3711 1)
414 3642 448 3710 cl.
468 3639 581 3709 Sabaei.
598 3639 621 3697 Ι.
637 3656 703 3712 pag.
723 3641 775 3697 168
789 3657 887 3711 prcxn
