2700 4658
500 275 712 340 ..17-

57 443 219 528 bediente,
242 467 278 511 so
299 467 409 512 waren
439 447 486 512 sie
508 447 590 513 doeh
620 449 655 512 in
677 448 735 513 der
761 457 810 512 tat
837 445 939 512 durch
961 445 1014 510 die
1035 444 1148 511 wider·

57 546 156 632 klage
180 546 237 613 der
262 549 466 633 gegenstand
496 551 583 616 eines
613 554 728 637 eignen
757 549 809 614 fur
840 548 908 614 sich
931 547 1149 614 bestehenden

55 672 227 737 processes
241 652 422 737 geworden‚
443 643 592 738 welcher,
612 675 706 719 wenn
724 650 808 717 auch
823 646 978 717 zuiveilen
995 674 1055 717 vor
1077 653 1148 717 der·

57 754 169 820 selben
191 752 342 836 behorde,
363 753 447 819 doch
469 756 686 840 abgesondert
706 778 771 821 von
792 756 910 828 ienem‚
940 758 973 820 in
995 753 1150 820 welchem

56 880 92 920 er
114 857 285 942 beklagter
306 880 392 940 war,
414 858 544 943 gefiihrt
565 860 633 925 und
648 859 855 925 entsohieden
874 859 1003 924 werden
1017 868 1150 926 musste.

56 970 90 1024 et
110 959 231 1026 ibidem
253 983 327 1048 pag.
350 962 427 1027 6552
450 963 510 1027 auf
529 963 582 1028 die
602 961 870 1047 verhandlungen
894 962 950 1027 des
971 983 1037 1026 von
1055 961 1148 1026 Man-

56 1063 178 1127 titheus
200 1085 275 1127 zum
292 1065 433 1131 'zweiten
455 1065 539 1132 male
560 1065 772 1152 angestellten
793 1086 960 1153 processes
973 1062 1039 1128 hat
1061 1065 1149 1129 diese

55 1164 255 1251 widerklage
277 1164 334 1232 des
355 1168 496 1234 Boeotos
519 1193 555 1235 so
577 1171 684 1253 wenig
705 1167 853 1249 einfluss,
882 1168 958 1232 dass
980 1167 1039 1232 wir
1060 1167 1150 1232 nicht

56 1268 179 1334 einmal
202 1268 294 1335 ihren
316 1273 520 1357 gegenstand
544 1273 707 1338 bestimmt
728 1271 873 1336 erwiihnt
894 1271 1010 1336 finden.
1110 1267 1112 1274 ’

144 1394 323 1459 quaecum
352 1376 398 1440 ita
426 1376 503 1457 sint,
535 1399 653 1462 operae
682 1375 821 1462 pretium
850 1384 968 1440 memet
988 1374 1149 1439 facturum

56 1477 225 1558 existimo,
258 1478 286 1541 si
315 1476 421 1544 denuo
442 1480 526 1544 hano
555 1482 590 1545 in
618 1501 686 1544 rem
709 1479 947 1565 inquisiuerim:
982 1499 1021 1543 ea
1042 1487 1150 1543 autem

57 1579 249 1666 progrediar
278 1581 350 1664 uia,
378 1592 415 1647 ut
444 1582 572 1667 singula
599 1604 683 1668 quae
712 1581 755 1647 ab
793 1582 974 1648 oratoribus
1003 1582 1152 1669 exposita

58 1690 135 1748 sunt
157 1682 366 1770 antigrapheo
389 1684 538 1772 exempla
560 1686 742 1751 accuratius
764 1686 963 1773 perpendam
976 1691 1011 1765 ¹).

144 1785 170 1850 I.
193 1785 309 1867 [Deml
334 1789 406 1853 adu.
428 1789 587 1856 Boeotum
609 1788 648 1853 de
671 1788 754 1857 dote.

144 1887 344 1955 Mantitheus
365 1891 510 1958 Mantiae
531 1893 616 1958 filius
646 1914 687 1956 ex
708 1890 877 1978 Polyarati
898 1890 964 1956 filia
994 1901 1089 1957 natus
1118 1901 1151 1956 et

58 1991 204 2058 Boeotus
225 1993 477 2082 Pamphilusque
499 1994 642 2061 eiusdem
668 1994 806 2059 hominis
835 1994 892 2058 filii
921 2017 962 2063 ex
982 1994 1151 2079 Plangone

58 2094 163 2179 geniti
192 2106 284 2181 patre
309 2107 435 2165 mortuo
456 2100 540 2165 inter
563 2119 597 2163 se
619 2097 755 2182 litigant.
799 2096 1036 2182 Mantitheus2)
1066 2099 1151 2162 enim

58 2199 180 2283 poscit,
202 2211 238 2263 ut
259 2222 337 2266 suae
358 2203 470 2267 matris
493 2200 551 2268 dos
574 2202 636 2268 sibi
657 2201 823 2284 reddatur,
845 2210 958 2267 eontra
974 2201 1151 2286 Plangonis

58 2300 116 2365 filii
139 2301 202 2365 sibi
224 2325 351 2390 quoque
372 2307 485 2370 matris
514 2305 622 2372 dotem
648 2304 759 2371 deberi
780 2303 961 2371 adfirmant.
1004 2305 1047 2369 ad
1076 2326 1151 2369 oon·

59 2403 205 2469 cordiam
227 2427 300 2471 cum
321 2429 374 2473 res
395 2408 514 2474 adduci
539 2432 604 2474 non
626 2410 798 2497 potuisset,
831 2408 935 2494 primo
957 2407 1098 2472 Boeotus
1120 2414 1153 2471 et

58 2506 249 2592 Pamphilus
271 2510 451 2578 Mantitheo
481 2514 641 2577 actionem
670 2510 858 2593 intendunt,
891 2508 1008 2574 deinde
1029 2510 1152 2576 Boeoto

59 2621 92 2675 et
104 2611 275 2698 Pamphilo
286 2613 493 2679 Mantitheus,
528 2615 584 2680 sed
594 2615 744 2700 pactione
754 2613 842 2679 facta
856 2611 964 2678 Soloni
974 2611 1152 2694 Erchiensi

59 2737 155 2801 quem
170 2716 291 2803 priuati
313 2717 472 2783 diaetetae
486 2738 619 2783 munere
640 2717 786 2783 francium
797 2738 872 2782 esse
893 2739 936 2781 ex
955 2739 1063 2792 rerum
1077 2739 1151 2782 oon·

59 2819 188 2884 dicione
203 2819 315 2901 elucet,
333 2820 406 2886 lites
421 2819 634 2886 diudioandas
648 2819 791 2887 tradunt.
835 2841 949 2886 uerum
964 2818 1042 2885 dum
1056 2820 1153 2886 Plan-

58 2924 155 3013 gonis
177 2921 234 2988 filii
256 2926 520 3009 tergiuersantur,
552 2924 675 3004 euenit,
696 2935 732 2989 ut
753 2924 902 3004 diaetam,
935 2932 1152 3009 anteaquam

59 3027 255 3091 sententiam
278 3027 422 3110 dixisset,
443 3029 512 3092 uita
531 3027 708 3094 excederet
751 3028 818 3093 iam
838 3026 885 3091 illi
906 3026 977 3112 lege
998 3036 1101 3110 agunt
1122 3035 1154 3090 et

60 3130 162 3195 dieas·
184 3131 344 3213 scribunt,
376 3130 575 3196 Mantitheus
603 3139 712 3196 autem
741 3152 820 3195 suae
847 3131 960 3194 matris
993 3127 1077 3194 dotis
1105 3151 1154 3193 re-

59 3232 267 3321 cuperandae
292 3256 409 3299 caussa
437 3235 598 3299 actionem
627 3245 740 3305 contra
768 3233 914 3298 intendit
958 3254 1019 3297 nec
1038 3241 1155 3301 ttamen

60 3336 185 3401 eisdem
206 3337 240 3401 in
262 3336 484 3428 conuentibus
496 3337 536 3402 de
551 3336 679 3402 duabus
700 3335 762 3402 illis
785 3337 909 3402 caussis
932 3335 1026 3400 simul
1048 3345 1155 3399 actum

58 3494 159 3504 ...μα-ι...
163 3495 270 3504 ..α-φ,-

133 3581 161 3650 1)
180 3579 257 3650 quod
274 3578 432 3650 exemplum
450 3577 632 3649 antigraphus
651 3576 681 3630 in
692 3577 842 3632 Aeschinis
860 3577 988 3631 oratione
1005 3575 1035 3630 in
1047 3575 1157 3631 Timar·

61 3667 147 3722 chum
165 3666 303 3721 habemus
320 3665 376 3735 (cf.
386 3666 425 3719 M.
454 3665 477 3720 tr
495 3664 558 3720 Sch
576 3664 629 3719 litt.
647 3665 707 3719 Att.
730 3680 797 3736 pag.
815 3664 868 3720 655
884 3663 983 3733 pron),
1010 3663 1041 3716 id
1056 3662 1111 3716 hac
1128 3668 1157 3716 in

63 3753 231 3825 quaestione
248 3752 530 3824 praetermittendum
542 3751 717 3823 putauimus:
736 3749 839 3805 etenim
857 3751 881 3804 si
899 3750 962 3820 quis
983 3764 1047 3802 eum
1065 3766 1157 3817 aquo

62 3844 214 3895 accusatus
232 3846 276 3893 est
294 3855 327 3893 eo
346 3838 460 3894 nomine
481 3847 581 3893 contra
599 3845 722 3903 accusat,
750 3837 827 3908 quod
844 3835 1015 3890 accusatoris
1033 3851 1159 3901 munere,

63 3927 141 3998 quod
158 3942 217 3981 non
241 3934 285 3980 est
301 3926 469 3997 permissum
487 3926 542 3979 nisi
566 3925 621 3991 eis,
653 3923 702 3994 qui
719 3923 830 3994 integro
854 3929 919 3977 sunt
940 3924 1002 3977 iure
1025 3921 1157 3985 ciuitatis,

64 4020 165 4070 contra
183 4014 227 4068 ius
245 4011 348 4083 fasque
365 4013 517 4084 fungatur,
541 4026 594 4080 per
618 4025 647 4064 se
664 4017 746 4083 patet
768 4011 907 4064 actionem
926 4015 1003 4079 prius
1023 4011 1159 4062 intentam

65 4100 251 4156 differendam
269 4115 347 4169 esse,
377 4099 444 4154 dum
461 4097 601 4154 contraria
625 4099 735 4154 actione
754 4097 899 4151 diudicata
921 4097 957 4151 sit
974 4098 1159 4168 exploratum,
1266 4136 1268 4141 ι

65 4189 140 4243 sitne
157 4187 318 4242 accusatori
335 4186 379 4238 ius
398 4185 551 4239 accusandi
569 4200 658 4239 necne
676 4187 721 4240 sit.

134 4275 165 4344 2)
182 4273 218 4330 ct
239 4270 339 4349 [Deml
359 4271 481 4326 XXXX.
502 4273 632 4326 14--16,Χ
939 4347 964 4397 δὲ
