2700 4658
510 219 721 295 ..ηςω

315 409 316 412 ’
341 404 374 488 a)
386 393 690 489 παραγραψάμενοι
703 395 790 467 κατά
813 401 848 488 b)
860 403 916 466 καί
936 394 1143 478 εἰσελθόντες

384 500 443 574 τὸν
465 501 571 588 νόμον
593 506 727 569 τουτονὶ
862 509 905 580 είς
927 502 1014 589 ὑμᾶς

289 617 328 681 Α.
345 604 552 692 ἐξελύλεγξαν
574 599 650 682 τοῦς
672 606 903 690 δικαζομένους

344 717 377 799 ε)
390 713 510 785 ἀδίκως
532 708 754 794 ἐγκαλοῦντας
810 711 843 794 b)
856 706 1164 803 καίέπὶτῇπροφά-

858 834 907 878 σει
930 815 990 878 τοῦ
1013 809 1166 901 ἐμπορεύ-

859 922 961 983 εσθαι
1004 940 1168 1004 συκοηαν-

860 1020 1011 1096 τοῦντας.

181 1133 208 1214 ξ.
233 1130 264 1195 9.
287 1130 325 1193 Α.
348 1121 388 1189 ού
410 1119 524 1204 πολλῷ
547 1122 580 1184 δέ
600 1116 710 1207 χρόνῳ
732 1117 819 1206 μετά
841 1115 949 1188 ταῦτα

350 1229 383 1310 α)
410 1224 467 1302 τῆς
491 1223 651 1308 τραπέζης
674 1223 982 1303 ἀνασκευασθείσης

349 1329 384 1410 b)
407 1330 463 1392 καὶ
486 1325 546 1392 τοῦ
564 1323 782 1411 Ἡρακλείδου
804 1323 893 1393 κατά
916 1324 1021 1414 ἀρχάς
1036 1352 1169 1416 κεκρυμ-

1067 1437 1169 1516 μένου

288 1541 326 1600 Α.
351 1527 554 1617 ἐπιβουλεύει
576 1529 692 1598 αύτοσί

349 1651 383 1718 ο)
410 1628 484 1710 τούς
502 1659 535 1699 τε
551 1635 673 1709 παῖδας
685 1642 689 1749 γ
701 1641 871 1720 ἐκπέμψαι
888 1630 1099 1715 ίἈδύμηδεν

351 1742 385 1824 b)
408 1743 464 1804 καὶ
487 1741 549 1818 τὴν
571 1737 655 1802 ναῦν
687 1709 936 1822 [ἐξορμίσαιλέκ
953 1739 1016 1804 τοῦ
1030 1743 1168 1824 λιμένος.

163 1853 190 1930 ξ.
215 1849 264 1914 11.
290 1845 330 1910 Α.
354 1853 386 1923 a)
410 1845 467 1907 καὶ
488 1838 549 1924 έγά
570 1843 639 1925 μὲν,
1210 1868 1225 1900 ι

42 1960 46 1966 ’
411 1936 521 2022 ἐπειδὴ
545 1943 664 2027 ἔλαβον
687 1943 808 2008 τοῦτον
831 1940 1084 2026 ἀδικοῦντα,

355 2074 372 2110 ι
408 2041 657 2130 διωρθωσάμην
671 2043 754 2130 ὑπὲρ
769 2049 914 2132 ἐμαυτοῦ
924 2051 980 2112 καί
999 2050 1059 2114 τοῦ
1070 2049 1172 2129 ξένου,

352 1946 388 2032 b)

293 2153 331 2217 B.
354 2048 387 2236 ἀ
411 2149 429 2215 ι
453 2152 487 2216 ει

353 2258 386 2441 ἐ

409 2256 518 2340 οἵσπερ
535 2244 811 2335 ἀδικούμενος
835 2255 912 2318 αλλ
943 2277 1015 2319 ουκ
1031 2256 1173 2320 ἀδικῶν

410 2356 573 2443 ἐμέμφετό
596 2378 663 2451 μοι,
685 2356 740 2418 καὶ
764 2354 875 2438 ἠριύτα

415 2459 490 2544 α)εί
519 2451 580 2541 αύχ
610 2450 727 2519 ἱκανόν
754 2483 814 2543 μοι
844 2460 891 2538 εἵη
928 2459 1022 2543 αὐτῷ
1052 2458 1173 2525 ἀπολυ-

457 2562 568 2626 θῦναι
600 2563 659 2640 τῆς
685 2556 802 2649 ἐγγύης
825 2563 883 2640 τῆς
905 2556 988 2648 πρὸς
1013 2556 1074 2627 τίν
1096 2557 1174 2645 τρά·

458 2662 568 2746 nogant}
583 2687 592 2696 ²

411 2769 449 2852 β)
462 2763 550 2832 ἀλλά
562 2770 621 2853 αα)
645 2771 700 2832 καὶ
729 2766 811 2855 ὑπὲρ
842 2771 902 2834 τοῦ
933 2765 1091 2854 ἀργυρίου
1114 2765 1175 2830 τοῦ

645 2861 883 2960 Παρμένοντος
905 2866 968 2952 τὴν
990 2875 1073 2934 ναῦν
1095 2893 1173 2933 κατ-

644 2977 746 3059 εγγυῶ
769 2981 824 3041 καί
849 2970 926 3050 τούς
947 2975 1079 3052 παῖδας,

564 3077 626 3162 ββ)
648 3080 703 3142 καὶ
726 3077 808 3162 ὑπὲρ
825 3075 1012 3166 ἀνθρώπου
1028 3075 1176 3163 φυγάδος

647 3183 907 3267 ἀπεχθανοίμην
929 3178 1033 3263 αὐτῷ.

173 3290 200 3366 ξ.
226 3286 273 3351 16.
361 3290 393 3365 a)
416 3278 1003 3374 ἐπειδὴγάρ·ᾑ’σθετο’ὁμογνώμονας
1022 3285 1076 3368 ἐμέ
1099 3284 1155 3346 καί

785 3389 898 3462 ὄντας
1012 3368 1014 3390 ¹
1043 3381 1105 3451 τὸν
1137 3385 1176 3449 (ί).

364 3490 395 3568 b)
419 3493 474 3555 καὶ
620 3494 699 3575 ἐγνω
765 3487 973 3569 καταδιαιτή·
1021 3487 1109 3573 ἡμᾶς
1133 3554 1134 3563 ,

611 3608 614 3674 ξ
756 3649 759 3675 ι
788 3615 910 3668 σοντας
1043 3589 1172 3669 ἑαυτοῦ,

299 3699 339 3761 Α.
362 3696 461 3761 λῦσαι
481 3692 681 3780 βουλόμενος
705 3699 767 3775 την
788 3691 970 3781 ἐπιτροπὴν

362 3797 562 3885 διαφθεῖραι
583 3799 644 3876 τάς
666 3792 842 3878 συνθήκας
865 3803 1045 3886 ἐπεχείρησε
1065 3803 1131 3865 κτέ.

176 3907 216 3972 of.
242 3908 269 3970 1.
293 3903 321 3966 2.
345 3904 372 3967 8.
397 3904 445 3968 12.
471 3905 555 3986 151)
578 3908 629 3972 26.
653 3905 706 3973 32.
728 3905 767 3970 37
793 3915 850 3970 eet.
894 3914 1035 3968 ceterum
1058 3925 1098 3978 ex
1119 3902 1180 3967 hoc

161 4150 188 4215 l)
207 4146 248 4203 οἷς
266 4145 296 4199 οἱ
313 4143 363 4198 δύο
381 4125 524 4215 γνοίησαν,
543 4146 653 4200 τούτοις
671 4144 824 4219 ίπάναγκες
841 4145 916 4198 εἶναι
933 4149 1076 4213 έμμίνεινε
1096 4125 1181 4198 anirn-

91 4235 209 4289 aduerte
233 4234 259 4287 h.
282 4234 300 4289 1.
323 4250 477 4305 pronomen
507 4232 657 4289 relatiuam
679 4234 844 4305 pronomine
873 4231 1092 4289 demonstratiuo
1116 4231 1182 4285 sub·
