2700 4658
498 241 711 305 -15-

55 419 88 474 et
119 408 314 476 confidentia
343 411 451 476 iurare
482 432 517 474 se
538 433 634 496 posse
661 410 843 476 ostenderet
871 411 983 498 itaque
1011 410 1153 475 iudicum

54 513 182 577 animos
205 512 268 579 sibi
288 511 481 579 conciliaret.
1000 576 1002 581 ,
1147 508 1149 512 ”

142 615 279 680 forsitan
295 616 470 702 quaesierit
492 616 662 702 quispiam,
683 617 877 703 quibusnam
894 615 940 680 de
961 615 1059 681 rebus
1073 617 1152 681 Par-

54 738 176 783 menon
187 719 348 802 Apaturio
360 720 410 783 ius
425 718 599 783 iurandum
605 718 763 799 ,obtulisse
775 720 934 785 uideatur.
963 719 1153 784 iniuriarum

55 823 194 903 actione,
218 842 316 907 quam
329 823 520 888 instructam
536 844 607 886 esse
622 830 720 887 antea
734 823 884 904 uidimus,
902 821 937 886 id
952 822 1153 909 potissimum

55 924 283 1011 quaerebatur,
312 934 384 990 uter
405 926 492 1013 prior
518 924 723 990 uerberasset
752 920 909 1013 ὁπότερος
936 919 1012 1011 ἦρξε
1036 925 1153 1011 χειρῶν

54 1023 182 1094 ἀδίκων
195 1028 230 1113 ¹).
273 1027 382 1115 itaque
412 1051 477 1094 non
500 1028 569 1093 sine
597 1029 706 1116 aliqua
735 1028 965 1114 probabilitate
995 1028 1154 1116 suspicari

54 1152 230 1217 possumus
244 1129 307 1195 hac
328 1134 401 1217 ipsa
424 1131 463 1196 de
485 1154 521 1196 re
541 1133 592 1197 ius
614 1131 787 1198 iurandum
801 1131 945 1197 oblatum
967 1153 1055 1198 esse:
1077 1154 1161 1201 nam.

53 1235 193 1299 maximi
206 1235 360 1300 momenti
375 1235 596 1322 quaestionem
610 1236 711 1300 fuisse
725 1258 766 1300 ex
780 1259 819 1301 eo
840 1234 1044 1319 intellegitur,
1066 1235 1154 1320 quod

55 1338 239 1424 Apaturius
270 1347 386 1426 postea
426 1360 629 1426 quacumque
666 1341 791 1404 ratione
823 1337 1033 1404 iurisiurandi
1067 1338 1152 1403 illius

53 1443 126 1506 uim
147 1443 323 1528 infringere
345 1443 459 1508 studet.
503 1463 564 1507 nec
585 1443 660 1508 huic
673 1465 766 1509 meae
787 1441 906 1508 rationi
926 1441 1043 1525 obstat,
1055 1439 1153 1529 'quod

54 1545 98 1609 de
129 1545 275 1631 pluribus
304 1546 491 1611 criminibus
502 1545 527 1631 ²)
557 1554 670 1611 auctor
698 1545 853 1612 orationis
883 1544 1031 1632 loquitur.
1050 1535 1056 1554 ⁹
1076 1566 1171 1610 nam·

56 1649 107 1713 sic
128 1646 209 1712 mihi
223 1671 290 1713 rem
312 1650 460 1732 informo,
482 1659 518 1714 ut
539 1649 622 1716 duas
642 1673 696 1717 res
710 1649 906 1736 Apaturium
925 1648 995 1713 iure
1014 1645 1153 1711 iurando

55 1750 249 1816 confirmare
263 1751 404 1825 uoluisse
418 1753 533 1837 dicam,
555 1776 615 1819 nec
633 1755 775 1841 priorem
790 1775 825 1818 se
846 1751 1071 1837 uerberasso³)
1093 1771 1153 1815 nec

55 1853 178 1920 multas
199 1877 360 1940 grauesue
382 1856 497 1944 plagas
520 1857 707 1923 aduersario
729 1857 887 1922 inflixisse
896 1856 932 1943 ⁴).

144 1979 258 2024 uerum
276 1957 358 2024 haec
371 1960 537 2026 hactenus.
569 1962 636 2026 iam
657 1982 695 2025 eo
714 1960 884 2026 redeamus
906 1957 992 2025 unde
1014 1956 1153 2042 digressi

58 2085 178 2154 sumus.
221 2064 401 2150 Apaturius
430 2063 487 2128 ubi
508 2063 625 2129 multos
655 2085 726 2129 esse
754 2063 853 2145 uidit,
886 2062 1016 2150 quise,
1050 2062 1079 2126 si
1105 2061 1152 2127 iu·

57 2176 175 2250 rasset,
196 2167 317 2254 periuri
338 2167 518 2232 conuicturi
540 2176 657 2248 essent,
686 2166 931 2233 iusiurandum
952 2164 1031 2230 dare
1052 2163 1155 2229 noluit

58 2270 126 2353 sed,
148 2280 185 2335 ut
198 2271 300 2357 ipsius
316 2272 453 2337 oratoris
468 2272 578 2348 uerbis
592 2279 675 2351 utar,
696 2265 740 2345 ὡς
758 2270 831 2361 δίκῃ
846 2265 954 2336 λύσων
975 2264 1038 2334 τὸν
1054 2261 1154 2352 ὅρκον

57 2364 296 2457 προσκαλεῖται
327 2369 387 2441 τὸν
416 2375 642 2463 Παρμένοντα
672 2382 707 2438 ut
738 2374 788 2438 ius
826 2372 1000 2444 iurandum
1027 2373 1154 2436 irritum

57 2474 223 2561 redderet,
252 2477 500 2542 Parmenontem
520 2477 697 2542 accusauit
740 2475 828 2561 quod
855 2474 984 2561 quidem
1007 2476 1063 2561 qui
1083 2474 1155 2539 fieri

59 2579 201 2666 potuerit
223 2578 397 2645 admodum
419 2579 556 2650 difficilis
586 2589 635 2645 est
657 2581 820 2666 quaestio,
850 2600 948 2666 quam
977 2600 1043 2644 non
1064 2578 1154 2664 prius

60 2682 186 2748 soluere
215 2683 387 2763 audemus,
421 2705 518 2770 quam
547 2704 630 2770 quae
660 2683 746 2748 actio
775 2684 817 2749 ab
839 2682 999 2770 Apaturio
1028 2682 1154 2746 intenta

57 2808 131 2852 esse
153 2786 313 2870 uideatur,
333 2787 447 2872 paucis
469 2787 745 2874 explioauerimus.

147 2891 234 2956 duae
266 2892 409 2957 actiones
440 2891 471 2956 ei
493 2891 548 2977 qui
569 2891 735 2956 accusauit
757 2890 799 2955 ab
831 2911 869 2954 eo
900 2890 956 2976 qui
985 2899 1156 2955 accusatus

62 3003 111 3060 est
140 2993 266 3058 intendi
293 3003 429 3080 possunt
458 3002 516 3058 aut
541 2983 749 3080 παραγραφί
778 2999 834 3056 aut
865 2985 1068 3082 ἀντιγραφή.
1115 2993 1155 3059 de

61 3096 268 3183 paragraphe
304 3107 413 3164 autem
447 3098 509 3163 hoc
546 3096 616 3162 loco
654 3095 790 3180 cogitari
820 3117 885 3161 non
918 3106 1041 3182 potest,
1081 3118 1154 3181 pro·

60 3212 176 3290 pterea
205 3200 291 3287 quod
319 3201 498 3287 Apaturius
534 3221 599 3264 non
628 3198 663 3262 in
697 3197 900 3263 defendenda
929 3198 1156 3264 Parmenontis

62 3306 269 3369 accusatione
292 3314 449 3385 uersatur,
478 3302 535 3368 sed
563 3305 633 3391 ipse
654 3323 781 3389 quoque
804 3299 1026 3367 aduersarium
1048 3304 1156 3367 nescio

62 3430 129 3495 qua
151 3406 192 3472 de
213 3428 249 3471 re
269 3407 419 3494 postulat.
465 3408 581 3472 etenim
603 3406 665 3471 nisi
688 3403 769 3470 alter
787 3404 924 3470 alterum
946 3405 1157 3487 accusauerit,

62 3534 130 3578 non
145 3510 240 3576 uideo
256 3514 377 3597 quires
392 3520 458 3576 tam
473 3511 536 3576 cito
552 3508 595 3574 ad
609 3508 864 3597 conpromissum
879 3506 997 3573 adduci
1012 3509 1159 3594 potuerit.

63 3608 191 3682 accedit
220 3617 306 3701 quod
334 3617 465 3681 minime
495 3615 565 3714 ueri
596 3611 699 3678 simile
734 3621 783 3678 est
813 3622 971 3691 actorem,
1004 3611 1060 3698 qui
1085 3612 1158 3696 ipse

137 3823 164 3892 1)
183 3819 220 3876 cf.
233 3817 350 3874 Heffteri
363 3819 380 3874 t
400 3819 435 3873 de
448 3818 517 3873 iuris
530 3817 653 3872 dictione
666 3814 889 3880 Atheniensium,
907 3813 1043 3870 Coloniae
1055 3813 1159 3884 Agrip-

63 3908 252 3981 pina01822,
278 3922 345 3979 pag.
367 3906 428 3962 245.
463 3904 529 3962 Met
552 3905 577 3958 ta
600 3903 729 3960 Schoem.
758 3901 810 3957 litt
833 3903 891 3956 Art.
914 3918 979 3972 pag.
1004 3901 1057 3956 548
1081 3916 1159 3970 prox.

64 3996 192 4052 Platner.
209 3993 248 4048 11.
265 4009 331 4065 pag.
350 3994 410 4050 197.

136 4083 167 4153 2)
184 4087 252 4152 περί
267 4099 364 4134 τινων
381 4077 576 4153 ἐγκλημάτων
595 4078 636 4132 13,

135 4169 165 4240 3)
182 4174 243 4223 τῶν
259 4187 290 4220 τε
308 4164 431 4239 πληγῶν.
686 4172 688 4174 ’

137 4258 166 4326 4)
184 4261 232 4309 καὶ
250 4253 295 4309 ὅτι
312 4251 442 4320 ἐκωλύθη
460 4258 509 4306 τοῦ
528 4249 608 4307 πλοῦ.
