2700 4658
662 189 851 252 ..6-

220 361 284 442 det,
316 362 363 427 eis
384 359 464 425 fides
486 359 638 426 habenda
659 352 749 425 nulla
771 367 836 426 est:
867 382 946 426 nam
968 359 1143 426 creditores
1157 357 1218 426 'die
1243 361 1312 427 sol-

215 464 313 530 uendi
335 462 557 553 praeterlapsa
581 464 687 529 statim
719 485 836 528 nauem
860 485 1018 550 occupare
1040 469 1242 549 poterant¹):
1276 471 1313 529 ut

215 569 311 634 etiam
333 575 407 654 post
429 588 500 631 eam
531 566 616 631 diem
643 574 884 651 exspectarent,
916 567 944 630 si
972 567 1144 651 pecuniam
1169 565 1314 632 debitam

215 670 350 736 reddere
376 678 486 757 posset
507 668 705 755 Apaturius,
738 669 833 733 huius
863 670 964 755 ipsius
995 668 1131 734 fallaciis
1161 668 1313 734 commoti

215 775 366 841 uidentur
389 794 476 852 esse,
507 774 562 858 qui
584 771 755 859 pecuniam
778 770 838 837 sibi
867 774 932 838 iam
954 772 1146 859 promissam
1169 793 1241 837 esse
1265 772 1312 836 di-

215 880 347 944 ctitasse
376 875 611 941 existimandus
642 884 698 942 est.
753 883 844 940 actor
873 897 950 941 uero
979 875 1117 963 probum
1142 875 1314 940 'hominem

216 981 411 1069 Apaturium
433 1000 505 1044 esee
527 978 703 1045 arbitratus
725 977 876 1064 precibus
899 978 967 1041 eius
990 977 1163 1042 obsecutus
1187 986 1244 1060 est,
1277 986 1314 1043 ut

217 1107 290 1150 cum
313 1083 497 1148 Parmenon
521 1082 632 1146 decem
666 1104 700 1146 se
725 1082 830 1147 minas
856 1080 1006 1145 daturum
1035 1080 1204 1166 pollicitus
1219 1092 1315 1163 esset,

217 1188 351 1272 triginta
365 1185 472 1251 minas
493 1183 635 1271 reliquas
650 1185 719 1268 ipse
733 1183 941 1270 promitteret.
987 1182 1044 1248 sed
1059 1185 1160 1250 actori
1174 1184 1315 1271 pecunia

218 1299 287 1356 tum
310 1311 376 1355 non
397 1295 475 1354 erat.
519 1286 597 1374 quid
619 1287 740 1370 igitur?
766 1285 962 1352 Heracliden
985 1288 1204 1372 argentarium
1226 1310 1312 1352 com-

217 1395 327 1470 mouit,
343 1401 379 1457 ut
395 1392 553 1478 Apaturio
568 1389 670 1455 XXX
683 1391 789 1455 minas
803 1388 1031 1478 suppeditaret.
1075 1391 1167 1455 euius
1183 1391 1314 1477 quidem

217 1497 372 1585 pecuniae
388 1504 478 1559 actor
500 1515 595 1581 praes
614 1493 720 1558 factus
735 1501 794 1561 est.
839 1502 952 1580 postea
966 1501 1074 1558 autem
1096 1516 1196 1581 quam
1209 1495 1314 1559 XXX

216 1600 289 1665 illae
318 1599 426 1663 minae
449 1595 572 1661 solutae
603 1604 692 1679 sunt,
722 1594 931 1660 Parmenonti
959 1616 1033 1660 cum
1057 1597 1217 1684 Apaturio
1240 1599 1314 1662 rixa

129 1691 133 1699 ’
218 1709 331 1768 exorta
347 1709 396 1766 est
411 1693 480 1764 tam
495 1708 598 1779 atrox,
620 1706 657 1762 ut
670 1698 841 1784 pecuniam
856 1699 1048 1783 promissam
1064 1699 1192 1765 tradere
1207 1699 1314 1766 nollet.

218 1827 283 1893 qua
304 1805 344 1869 de
365 1825 401 1868 re
415 1803 489 1867 rixa
511 1801 607 1866 fuerit
622 1809 731 1866 orator
751 1822 817 1865 non
833 1800 919 1885 dicit,
942 1801 1000 1866 sed
1021 1800 1129 1888 aliqua
1151 1825 1223 1867 eum
1239 1826 1313 1891 pro·

217 1907 385 1974 habilitate
401 1906 504 1971 conici
518 1912 625 1990 potest
638 1902 735 1967 fidem
750 1904 890 1989 Apaturi
905 1904 1114 1972 Parmenonti
1129 1917 1313 1993 suspectam

218 2032 367 2076 caussam
389 2009 506 2073 fuisse:
538 2029 615 2071 nam
635 2005 820 2071 Parmenon
843 2029 909 2072 non
930 2008 1027 2075 modo
1049 2020 1118 2073 tum
1140 2010 1313 2094 pecuniam

216 2113 409 2200 promissam
437 2110 566 2174 tradere
597 2111 727 2174 omnino
757 2109 874 2193 noluit,
908 2111 964 2175 sed
994 2121 1107 2196 postea
1136 2114 1233 2177 etiarn
1255 2136 1314 2201 per

217 2215 315 2280 alium
327 2221 526 2281 contractum
537 2210 725 2276 faciundum
741 2213 869 2277 curauit
883 2221 915 2276 et
926 2211 1170 2297 diligentissime
1185 2238 1312 2303 semper

218 2315 371 2399 attendit,
404 2336 445 2380 ne
467 2313 545 2401 quid
565 2313 619 2379 ille
641 2314 764 2379 fraudis
787 2317 960 2384 moliretur.
1005 2325 1038 2381 at
1057 2325 1182 2400 actore,
1211 2327 1248 2384 ut
1270 2341 1312 2385 ex

218 2422 264 2486 eie
286 2441 369 2506 quae
386 2425 537 2484 secuntur
556 2415 811 2482 concludendum
834 2420 913 2484 milri
934 2419 1070 2502 uidetur,
1092 2421 1311 2489 intercedente

216 2522 409 2601 Parmenon‚
439 2540 513 2585 cum
534 2520 601 2585 iam
623 2530 688 2586 tres
710 2521 814 2585 minas
840 2521 991 2606 dedisset,
1020 2523 1161 2610 reliquas
1184 2547 1311 2614 quoque

218 2625 297 2691 dare
312 2633 444 2689 coaetus
460 2633 515 2688 est.
548 2624 619 2709 ipse
633 2632 749 2697 autem,
762 2633 797 2687 ut
811 2625 907 2691 modo
922 2627 1115 2710 monuimus,
1126 2631 1310 2714 pactionem

218 2749 291 2792 cum
320 2727 479 2813 Apaturio
509 2726 667 2791 conficere
699 2747 764 2790 non
793 2728 860 2791 uolt
890 2729 946 2793 sed
978 2731 1078 2795 actori
1110 2739 1211 2795 totam
1242 2755 1311 2797 rem

218 2829 360 2897 mandat.
402 2830 458 2915 qui
472 2827 601 2916 quidem
624 2848 719 2913 quem
734 2829 776 2893 ad
796 2831 926 2896 modum
942 2831 1026 2898 hane
1050 2856 1118 2898 rem
1133 2834 1313 2920 expedierit

217 2955 303 2999 nunc
324 2931 509 2996 uideamus:
532 2932 668 2997 oratoris
690 2931 790 2997 uerba
813 2944 888 2999 sunt
905 2937 1005 3001 haece
1026 2938 1089 3022 (8):
1112 2938 1167 3021 ἐμὲ
1190 2934 1219 3001 d'
1247 2943 1309 3003 sas-

217 3037 287 3102 λευε
308 3034 435 3120 πρᾶξαι
457 3035 545 3109 ὅπως
575 3029 668 3118 αὐτῷ
689 3032 731 3110 ὡς
754 3031 996 3123 ἀσφαλέστατα
1026 3042 1095 3118 ἕξει·
1139 3033 1304 3122 λαβώνό

218 3135 280 3222 ἐγώ
296 3130 358 3211 τοὶς
380 3129 466 3202 ἑπτὰ
480 3135 567 3220 μνᾶς
582 3137 639 3200 καὶ
653 3129 714 3212 τὰς
738 3147 821 3223 τρεῖς
846 3139 887 3214 oie
901 3134 1094 3263 πμοειλήφοι
1113 3131 1212 3218 οὗτος
1226 3139 1305 3231 παρ’

217 3240 341 3304 ἐκείνου
369 3233 733 3322 ἀνθομολογησάμενος
767 3236 849 3325 πρὸς
879 3243 1001 3308 τοῦτον
1029 3237 1119 3322 ὠνὴν
1147 3246 1308 3329 ποιοῦμαι

215 3339 275 3419 τῆς
289 3333 368 3415 νεώς
386 3345 440 3405 καὶ
455 3342 524 3405 τῶν
545 3342 675 3407 παίδων
689 3347 753 3410 art.
798 3366 881 3430 quae
896 3346 1026 3433 quidem
1048 3346 1148 3413 uerba
1162 3348 1306 3437 plerique

217 3443 377 3509 editorum
398 3447 612 3512 recentiorum
629 3443 796 3511 Reiskium
809 3451 833 3528 2)
857 3451 959 3514 secuti
979 3453 1093 3516 itat
1046 3474 1080 3515 1n
1080 3460 1306 3538 terpretantur,

286 3666 367 3737 1)cf.
385 3683 449 3739 pag
468 3668 567 3723 bsdn.
584 3669 610 3724 4.

284 3752 312 3824 2)
330 3753 462 3809 Reislrius
485 3755 569 3809 haec.
597 3771 670 3824 ,eum
697 3756 739 3810 ita
764 3772 978 3830 conparassem,
1005 3765 1037 3814 nt
1058 3762 1214 3831 Apaturius
1241 3766 1304 3820 illas

216 3838 408 3910 quadraginta
424 3841 514 3896 minas
532 3795 711 3914 proiiteretur
729 3842 781 3897 sibi
799 3859 817 3897 a
833 3860 878 3899 me
890 3847 987 3904 mutuo
1006 3849 1087 3903 datas
1105 3865 1175 3920 esse,
1194 3856 1303 3908 etcum

107 3977 109 3981 .
216 3938 269 3996 ego
293 3942 391 3982 rursus
412 3928 454 3982 illi
477 3927 691 4026 spopondissem
709 3945 753 3983 me
771 3945 874 3985 nauem
896 3931 937 3986 illi
962 3934 1157 3991 restituturum
1179 3953 1253 4005 esse
1280 3941 1303 3994 si

216 4010 406 4083 quadraginta
422 4013 486 4069 illas
497 4014 586 4068 minas
597 4013 666 4068 mihi
677 4014 825 4072 redderet‘
860 4023 890 4073 et
906 4019 1006 4075 idem
998 4039 1028 4074 m
1041 4021 1135 4078 indice
1146 4025 1228 4081 Dem.
1241 4044 1263 4084 s.
1275 4044 1301 4081 u.

215 4093 490 4168 ἄνθομολογοῒοθαιε
515 4099 826 4174 ,ἀνθομολογησάμενος
844 4107 914 4175 πρὸς
931 4112 1045 4163 cedros:
1070 4125 1134 4163 cum
1152 4128 1302 4183 curassem,

215 4187 248 4236 ut
265 4184 420 4254 Apaturius
443 4185 615 4242 sollemniter
638 4189 782 4260 conceptis
806 4191 902 4247 uerbis
926 4209 1022 4249 eoram
1044 4196 1214 4269 magistratu
1237 4218 1301 4273 pro·
