2700 4658
574 218 904 292 .-10-

254 368 517 478 dissoluantur1).
562 374 753 457 nectumen
769 389 854 454 serui
876 389 915 455 in'
932 391 1051 457 actoris
1073 391 1205 457 domum
1222 388 1348 456 deducti

254 500 336 575 sunt,
358 493 469 559 sedin
492 503 651 583 potestate
673 495 814 582 Apaturi
835 517 890 561 eos
911 495 1069 559 mansisse
1096 494 1347 560 luculentissime

253 617 293 661 ex
308 617 346 660 eo
359 595 566 683 intellegitur,
588 598 673 686 quod
689 607 779 666 actor
794 607 908 685 postea
923 598 1064 674 demum,
1080 618 1153 663 cum
1170 597 1347 686 Apaturius

250 699 432 866 Ραοὲἰοιιειιι
461 700 625 781 laesisset,
658 701 704 766 eis
731 703 853 789 potitus
884 710 933 768 est
959 740 999 752 ·-
1022 696 1244 788 κατηγγύησα
1274 692 1348 776 rode

252 803 505 890 WWW*
1163 806 1170 821 ⁸

252 1007 381 1073 uidetur
401 1009 501 1076 fuisse
517 1013 676 1078 sententia
690 1051 733 1060 —
749 1012 804 1077 sed
828 1012 910 1078 haec
928 1013 989 1076 fuit
1002 1011 1095 1094 ratio,
1117 1019 1155 1076 ut
1168 1011 1346 1100 Apaturi12

249 1111 284 1175 in
314 1115 503 1201 syngrapha
531 1136 649 1180 nauem
679 1125 712 1181 et
739 1138 850 1182 seruos
881 1116 923 1182 ab
955 1124 1063 1182 actore
1090 1113 1278 1180 conducere
1309 1113 1340 1178 di

250 1217 421 1303 cereturi).
466 1218 513 1283 sic
535 1228 621 1284 certe
636 1218 787 1284 facillime
808 1228 915 1305 potest
935 1217 1099 1306 explicari,
1122 1217 1213 1306 quod
1236 1238 1301 1284 nec
1339 1249 1345 1274 ι

251 1326 369 1386 octaua
390 1343 451 1386 nec
472 1323 504 1386 in
530 1320 719 1388 duodecima
735 1322 942 1410 paragrapho
965 1345 1136 1388 usurarum
1152 1321 1282 1387 mentio
1303 1319 1339 1384 fit

251 1420 363 1486 debuit
386 1423 470 1487 enim
486 1424 666 1513 Apaturius
688 1427 870 1494 cotidianae
886 1449 983 1515 quam
1007 1426 1092 1492 serui
1114 1423 1342 1512 conquireban

248 1523 403 1590 mercedis
426 1535 552 1613 partem
575 1518 787 1596 creditoribus
809 1530 990 1617 redderet).
1035 1529 1176 1613 denique
1204 1527 1341 1592 nomina

247 1628 348 1692 timne
365 1633 555 1718 syngrapha
570 1641 718 1698 sanctam
733 1633 786 1716 sit,
805 1656 846 1698 ne
861 1633 1040 1720 Apaturius
1062 1630 1224 1695 insciente
1241 1637 1319 1694 acto
1342 1658 1349 1683 ι

249 1752 366 1794 nauem
383 1733 531 1818 solueret,
554 1736 639 1822 quod
663 1736 689 1800 si
706 1735 843 1816 fecisset,
865 1758 983 1800 nauem
998 1757 1033 1800 re
1048 1755 1127 1799 uera
1141 1730 1314 1796 uendend
1332 1761 1347 1786 ιι

248 1854 334 1916 esse,
367 1833 430 1901 hoc
460 1860 526 1903 non
555 1838 624 1904 sine
647 1859 764 1903 caussa
794 1838 935 1903 dubitari
960 1845 1081 1924 potest:
1114 1834 1196 1900 mihi
1221 1835 1348 1923 quiden

247 1937 316 2001 ueri
333 1937 468 2008 similius
484 1941 612 2007 uidetur
625 1940 705 2025 ipsis
720 1940 854 2025 legibus,
878 1964 959 2029 quas
976 1940 1017 2005 de·
1033 1938 1131 2005 rebus
1147 1938 1350 2005 mercatorii

324 2128 351 2197 1)
369 2128 473 2198 Meter,
501 2128 548 2197 qui
573 2127 603 2180 in
628 2125 747 2180 historia
770 2125 839 2180 iuris
860 2127 950 2182 Attici
980 2127 1015 2180 de
1042 2124 1123 2180 bonis
1150 2124 1349 2179 damnatorum

246 2231 312 2286 pag.
339 2213 388 2270 151
420 2220 478 2270 not.
502 2214 555 2268 494
581 2213 653 2267 haec
682 2211 820 2281 disputat:
851 2213 936 2284 ,apud
961 2210 1152 2266 Athenienses
1179 2209 1298 2264 debitor
1346 2233 1350 2253 ι

215 2315 218 2320 ’
245 2301 423 2373 possessione
446 2301 487 2356 rei
513 2300 554 2354 ita
578 2297 660 2371 quasi
688 2298 868 2369 mancipatae
890 2299 1046 2370 permansit
1075 2301 1104 2351 et
1133 2303 1242 2351 contra
1268 2293 1349 2349 aliun

249 2404 457 2460 quemcumque
474 2385 567 2442 omnia
585 2387 648 2441 iura
667 2385 772 2441 domini
797 2385 934 2450 obtinuit,
960 2389 1059 2440 contra
1076 2381 1240 2438 creditores
1259 2386 1350 2436 auten

248 2477 406 2532 conductor
423 2480 531 2530 tantum
551 2479 580 2529 et
598 2473 823 2529 usufructuarius
841 2472 902 2528 fuit
922 2490 943 2525 s.
961 2488 989 2525 u.
1007 2487 1030 2525 c.
1043 2469 1224 2523 Parmeno
1244 2469 1346 2538 Apatu

246 2562 287 2618 rio
305 2564 334 2618 in
354 2580 456 2625 nauem
475 2562 619 2632 quandam
636 2559 768 2615 XXXX
785 2560 895 2614 minus
916 2563 1054 2613 mutuas
1075 2554 1205 2624 dabat,
1237 2555 1349 2610 uolebu

248 2655 357 2717 sutem,
386 2651 411 2704 si
429 2653 535 2705 statuto
554 2649 600 2703 die
618 2646 734 2702 XXXX
751 2646 817 2702 illae
835 2647 928 2701 minae
946 2660 1003 2700 non
1021 2641 1229 2711 redderentur,
1259 2646 1307 2696 sta
1316 2665 1350 2688 ιιι

245 2742 273 2791 et
291 2737 373 2807 quasi
390 2737 452 2808 ipso
470 2736 531 2791 iure
548 2736 631 2790 nauis
651 2732 803 2789 dominium
822 2738 851 2787 et
868 2729 1074 2805 possessionem
1092 2725 1214 2796 habere,
1235 2728 1347 2783 iubebo

246 2824 413 2896 Apaturium
432 2838 534 2878 nauem
552 2821 630 2876 illam
649 2820 703 2875 sibi
721 2819 842 2875 uendere
863 2820 890 2873 h.
909 2835 934 2875 e.
952 2816 1124 2870 Parmeno
1144 2811 1250 2880 ὠνὴν
1276 2834 1341 2868 ποι

245 2916 344 2963 strar
369 2915 398 2964 et
421 2909 579 2982 Apaturius
604 2908 714 2983 πρατὴρ
737 2911 862 2980 ylymaa
886 2910 933 2968 τῆς
961 2898 1030 2955 νεὼς
1057 2897 1111 2954 sub
1134 2897 1193 2953 hac
1217 2899 1303 2972 lege,
1331 2915 1349 2952 u

135 3057 141 3068 ,
245 2996 365 3051 redditis
383 2996 500 3051 XXXX
518 2996 601 3050 minis
620 2993 774 3051 dominium
792 2991 874 3045 nauis
895 2990 932 3043 ad
950 2984 1119 3057 Apaturium
1139 2986 1265 3042 rediret.
1296 2986 1344 3042 'ho

245 3099 309 3138 eum
327 3083 458 3138 effectum
478 3083 587 3152 habuit,
606 3086 638 3135 ut
654 3078 814 3150 Apaturius,
835 3093 919 3147 quam
939 3074 988 3127 diu
1006 3070 1119 3125 debitor
1138 3077 1223 3142 erat,
1250 3090 1345 3128 naue

245 3170 359 3241 quidem
371 3170 516 3239 retineret,
523 3170 573 3224 sed
582 3173 718 3239 tanquam
729 3165 883 3221 conductor
890 3166 919 3216 et
925 3156 1163 3219 usufructuarius,
1176 3159 1288 3215 Parm
1296 3177 1340 3216 en

243 3261 358 3312 autem
383 3274 486 3313 uerus
514 3255 675 3310 dominus
699 3257 801 3307 esset.
847 3247 883 3304 ci.
908 3246 990 3300 Dem.
1017 3257 1041 3294 c.
1064 3240 1190 3310 Apatur.
1212 3247 1285 3303 894.
1311 3248 1346 3303 17

245 3345 381 3400 memoria
399 3345 496 3414 lapsus
515 3339 697 3398 Parmenonti
716 3337 819 3392 actoris
837 3339 933 3408 partes
951 3325 1037 3382 dedit.

313 3433 343 3502 2)
361 3431 398 3486 cf.
421 3428 549 3484 Platneri
572 3428 625 3481 litt.
651 3427 711 3480 Att.
740 3423 776 3478 II.
803 3439 871 3493 pag.
898 3417 965 3472 308:
992 3427 1091 3465 ausser
1118 3416 1173 3468 der
1203 3417 1343 3492 hypothe

241 3516 350 3590 pilegtc
371 3535 438 3572 man
461 3515 522 3569 sich
546 3513 636 3568 durch
657 3508 731 3565 kauf
750 3508 803 3563 auf
822 3499 999 3560 wiederkauf
1017 3513 1115 3567 wegen
1142 3501 1350 3579 befriedigun

243 3603 337 3659 seiner
355 3600 647 3670 schuldforderungen
671 3596 762 3651 sicher'
784 3611 819 3647 zu
842 3589 942 3646 stellen
968 3583 1062 3654 (Dem.
1083 3601 1183 3657 gegen
1204 3593 1268 3663 Ap,
1287 3595 1345 3650 895

242 3691 331 3745 auch
348 3688 501 3760 geschah
519 3703 566 3753 es,
596 3685 662 3739 dass
686 3682 737 3737 der
754 3677 905 3750 gltiubiger
928 3669 974 3724 die
996 3668 1217 3745 grundstiicke,
1247 3696 1332 3734 wora

242 3793 275 3832 er
292 3777 406 3848 borgte,
433 3773 533 3828 kaufte
555 3771 615 3826 und
639 3769 681 3824 sie
703 3783 740 3821 an
765 3764 811 3819 die
833 3757 985 3816 schuldncr
1010 3752 1057 3807 fiir
1081 3754 1139 3810 den
1164 3758 1283 3836 betrag
1309 3767 1347 3820 ds

242 3863 341 3918 ainsen
359 3860 542 3934 verpachtete
562 3858 635 3927 (geg.
653 3855 733 3907 Pant.
751 3850 823 3919 967).

314 3949 342 4016 3)
361 3948 397 4003 cf.
415 3952 511 4002 notam
524 3946 550 3998 2.
564 3947 593 3996 et
603 3939 700 3995 Meier.
721 3934 886 3990 &Schoem
904 3927 956 3981 litt.
968 3924 1027 3978 Att.
1038 3939 1107 3994 pag.
1120 3927 1177 3982 507
1192 3938 1225 3986 eg
1237 3934 1342 3993 Dm,⁵

241 4036 446 4191 pw'gisslufi
464 4122 508 4172 est
524 4115 602 4169 Dem.
623 4103 773 4163 XXXVII.
796 4103 821 4155 6.
864 4099 1006 4166 τιθέμεθα
1031 4094 1186 4161 συνθήκας
1213 4112 1249 4159 ἐν
1275 4110 1324 4168 αῖς

240 4228 271 4265 τε
288 4207 430 4278 μίσθωσις
447 4196 483 4269 ἦν
500 4199 675 4275 γεγραμμέτη
694 4192 750 4244 ari.
