2700 4658
567 267 779 332 „63-

127 439 155 504 si
185 436 257 504 aliis
287 439 384 504 etism
413 438 447 502 in
478 434 759 503 coniunctionibus
787 440 849 518 μέν
877 434 1069 522 particulam
1096 434 1219 500 nudum

126 538 198 608 εἶτα
221 543 289 607 siue
311 543 425 608 ἂιτιτα
447 540 661 627 subsequitur,
682 552 719 606 ut
739 549 802 606 est:

209 638 359 729 μάλιστα
380 646 442 727 μὲν
463 685 502 693 -
527 642 600 711 εἶτα
621 645 680 708 καί
701 642 779 712 ΧΧ.
802 645 830 722 1,
851 642 980 707 XXIII.
1006 642 1075 721 114,
1098 643 1219 729 [epist]

125 747 167 817 11.
202 749 250 816 15.
273 784 315 796 -
336 757 372 812 at
391 742 543 832 μάλιστά
564 771 600 832 ys
621 786 663 796 -
686 745 758 813 εἶτα
788 749 859 829 καί,
892 756 929 811 ut
954 755 1063 811 tumen
1085 745 1222 811 uerbum

126 853 209 916 inter
230 851 405 937 particulas
427 852 508 916 istas
539 850 662 916 nullum
686 848 923 938 sit-[XXXII]
946 852 975 915 8.
1009 850 1048 916 cf.
1069 844 1222 932 μάλιστα

122 955 184 1037 μὲν
206 993 247 1005 -
270 952 343 1020 εἶτα
363 959 478 1039 μέντοι
500 953 626 1019 XVIII.
652 955 722 1020 153.

208 1050 358 1143 μάλιστα
386 1059 448 1140 μὲν
471 1094 512 1107 -
533 1063 649 1124 ἔπειτα
680 1056 805 1123 XVIII.
831 1058 905 1140 261,
935 1057 1047 1148 [LXI]
1068 1059 1098 1122 4.
1122 1093 1161 1104 —
1186 1065 1221 1120 at

124 1154 275 1244 μάλιστα
295 1161 357 1243 μὲν
378 1199 419 1210 -
445 1165 557 1227 ἔπειτα
586 1161 620 1226 δὲ
642 1163 701 1225 καί
721 1160 866 1229 XXIIII.
897 1162 926 1243 7,
955 1160 1123 1246 [LVIIII]
1148 1162 1223 1238 126,

123 1263 282 1329 Andoeid.
303 1263 329 1331 Ι.
352 1265 380 1332 2.
412 1265 634 1348 61ἲσωςμ1ν
648 1302 690 1313 -
707 1262 781 1329 εἶτα
796 1262 1068 1350 δέῘΧΧΧΧΙῙΙ]
1097 1265 1145 1328 11.
1178 1257 1220 1328 τὸ

122 1368 184 1451 μὲν
203 1368 285 1434 ὅλον
306 1405 348 1416 -
371 1369 485 1432 ἔπειτα
505 1372 621 1451 μέντοι
644 1366 891 1453 [ΧΧΧΧΙΙΙΙ]
917 1369 966 1435 19.

209 1475 304 1556 μέχρι
325 1471 387 1553 μὲν
409 1492 592 1535 τοντου-
617 1474 745 1553 ἔπειτα,
776 1470 863 1559 quod
884 1471 1030 1556 proxime
1051 1468 1094 1533 sd
1117 1472 1221 1534 τοῦτο

122 1575 247 1658 μὲν-
269 1570 343 1638 εἶτα
371 1572 514 1652 sdeedit,
543 1573 671 1638 XXIII·
701 1576 809 1653 1461).
839 1584 946 1639 -at
973 1579 1068 1658 μέχρι
1096 1594 1221 1637 τουτον

124 1676 540 1743 -1661166146116611
563 1678 589 1746 I
612 1679 662 1744 69.

209 1779 327 1846 deinde
342 1778 384 1844 ad
400 1780 586 1865 analogiam
604 1779 834 1866 particularum
855 1779 927 1846 εἶτα
943 1789 976 1844 61
994 1783 1104 1846 ἔπειτα
1119 1779 1221 1842 etism

122 1877 209 1968 μετὰ
231 1881 342 1948 ταῦτα
359 1892 392 1946 61
413 1879 517 1949 πάλιν
532 1885 652 1949 omissa
667 1885 827 1971 particula
845 1885 880 1949 δέ
895 1883 1062 1953 uocabulis
1083 1879 1222 1965 πρῶτον

122 1990 185 2064 μέν
207 1985 412 2071 respondent.
448 1987 488 2055 61
510 1987 644 2073 πρῶτον
657 1980 869 2072 μὲν-μετὰ
893 1987 1000 2052 ταῦτα
1015 1985 1158 2050 XXIIII.
1169 1986 1221 2063 18,

124 2098 159 2153 at
181 2087 315 2174 πρῶτον
335 2093 397 2175 μὲν
419 2130 459 2138 -
472 2086 558 2174 μετὰ
580 2091 692 2156 ταῦτα
713 2092 747 2157 δέ
757 2095 783 2174 1)
805 2089 916 2157 ΧΠΠ.
939 2090 982 2155 23
1003 2090 1104 2175 (sequ.
1121 2085 1222 2172 εἶτα),

124 2190 269 2257 XXIIII.
282 2193 334 2270 25,
355 2192 524 2258 XXXVII
548 2194 600 2273 29,
622 2203 655 2257 61
676 2199 806 2277 πρῶτον
827 2195 889 2279 μὲν
905 2231 942 2242 -
959 2187 1043 2276 uersi
1063 2192 1097 2257 δὲ
1109 2189 1222 2256 ταῦτα

124 2293 267 2361 XXVII.
292 2296 343 2377 12,
370 2295 532 2359 XXXXI.
554 2297 603 2361 28.
648 2294 732 2360 Isse
755 2295 814 2359 XI.
843 2299 894 2376 40,
924 2294 1023 2361 Isoer.
1046 2294 1122 2363 IIII.
1146 2295 1221 2375 140,

124 2407 158 2462 61
176 2402 310 2482 πρῶτον
330 2399 392 2482 μέν
415 2437 453 2448 -
476 2394 561 2484 μετὰ
590 2399 756 2467 δὲταῦτα
784 2401 842 2465 καί
868 2399 964 2469 XXI.
987 2400 1017 2481 8,
1044 2406 1075 2463 et
1098 2399 1223 2482 τὸμὲν

124 2500 323 2586 πρῶτον-
344 2496 432 2587 μετὰ
454 2503 565 2568 ταῦτα
586 2502 622 2568 δέ
648 2504 750 2589 (sequ.
771 2502 987 2578 τελευτῶντος
1009 2502 1057 2588 δέ)
1077 2499 1220 2565 XVIIII.

126 2604 196 2670 156.
234 2604 289 2691 (61.
310 2607 350 2671 τὸ
372 2608 434 2689 μὲν
456 2605 652 2694 πρῶτον-
676 2605 889 2682 τελευτῶντος
915 2606 950 2672 δέ
971 2605 1075 2672 LIIH.
1097 2604 1140 2690 5).

526 2709 661 2794 πρῶτον
681 2711 744 2791 μὲν
759 2746 798 2758 -
812 2705 916 2775 πάλιν
937 2708 1067 2778 XXIII.
1079 2708 1132 2788 47,
1147 2707 1223 2787 202,

124 2808 441 2899 [ΧΧΧΧΙΙΙΠἾΜΟ
455 2811 606 2878 Α666116.
623 2811 728 2891 1167,
743 2811 801 2879 ΠΙ
818 2813 868 2878 20.
892 2814 932 2881 61.
949 2812 1079 2897 πρῶτος
1093 2811 1156 2894 μὲν
1179 2850 1217 2860 —-

122 2907 225 2980 πάλιν
240 2912 392 2981 Aeschin
410 2913 470 2978 III.
486 2916 557 2981 138.
587 2913 721 2996 πρῶτον
735 2917 853 3001 μὲν-
878 2911 982 2982 πάλιν
996 2917 1050 2980 τοί
1037 2912 1167 2979 irva.
1186 2913 1219 2977 6.

212 3016 528 3104 deniquequoniam
557 3017 698 3103 longius,
728 3041 826 3106 quam
853 3028 1025 3104 parerat,
1053 3017 1221 3104 progressi

126 3138 246 3200 sumus,
269 3120 426 3187 addamus
448 3123 533 3187 inter
555 3143 590 3186 se
611 3121 806 3209 respondere

209 3223 407 3307 πρῶτον-
430 3224 501 3290 εἶτα
523 3225 615 3305 121,
637 3225 714 3290 IIII.
729 3227 780 3305 33,
802 3224 895 3290 XXI.
914 3225 983 3303 130,
1004 3223 1149 3292 XXIIII.
1167 3199 1220 3290 39.

210 3324 422 3413 πρῶτον-
456 3329 608 3413 deserui)
595 3328 817 3418 )[XXXV.]
854 3330 883 3409 9,
929 3325 1129 3414 [XXXXII.]
1166 3328 1220 3411 23,

125 3424 378 3514 [XXXXVHI.]
400 3431 452 3511 33,
475 3429 573 3519 [LII]
595 3432 626 3515 4,
648 3432 731 3498 Isse
754 3432 814 3497 HI.
837 3433 887 3498 53.

210 3524 403 3618 τὸπρῶτον
426 3572 464 3582 -
490 3528 575 3619 μετὰ
597 3534 707 3600 ταῦτα
730 3575 770 3585 -
793 3530 897 3602 πάλιν
914 3575 953 3584 -
969 3529 1075 3611 αὖθις
1090 3530 1220 3599 -εἶτα

123 3633 217 3702 Dem.
239 3633 264 3700 1.
288 3635 339 3705 12.
892 3715 894 3720 ,

209 3732 249 3803 τὸ
271 3739 406 3823 πρῶτον
427 3777 470 3788 -
492 3735 595 3808 πάλιν
617 3741 779 3809 XXXIII.
800 3745 869 3812 178.

124 3840 188 3905 iam
211 3863 289 3907 uero
311 3865 359 3924 eo,
380 3842 467 3908 unde
490 3844 626 3927 digressi
651 3869 771 3930 sumus,
793 3853 1012 3912 reuertamurt

195 4014 222 4083 1)
240 4013 391 4106 siugulsris
415 4021 459 4068 est
483 4017 625 4071 structura
649 4017 678 4071 in
702 4018 825 4089 epistula
851 4017 995 4092 [Philippi]
1014 4018 1080 4074 XII.
1097 4019 1131 4072 22
1151 4017 1219 4071 τότε

123 4119 176 4164 W
194 4187 223 4255 2)
240 4121 489 4244 ἔέτῧοωθητίυι
507 4191 525 4247 l.
543 4191 578 4246 61.
596 4207 663 4262 pag.
682 4194 725 4248 27.

193 4272 221 4342 3)
240 4273 276 4328 61.
294 4273 466 4332 Bseumleiu.
483 4278 501 4330 1.
522 4279 557 4334 eL
576 4293 643 4350 pag.
662 4280 721 4334 114.
