2700 4658
652 217 864 281 ..30-

211 391 266 475 qui
293 412 324 453 u.
357 388 386 453 d.
414 409 489 474 pag.
512 389 575 453 292
597 388 694 452 haec:
724 387 813 454 hatte
841 386 909 452 sich
939 387 996 451 der
1023 384 1178 470 beklagte
1208 385 1304 471 inquit

211 491 358 556 wirklich
381 492 434 554 fiir
454 490 638 556 Parmenon
660 490 824 575 verbiirgt‚
852 514 888 557 so
910 500 997 554 wttre
1020 487 1104 554 auch
1125 509 1236 573 gegen
1255 487 1304 551 ihn

113 580 116 585 ⁴
211 597 283 658 eine
314 593 549 678 handelsklage
586 593 728 678 nulttssig
757 616 906 679 gewesen
920 595 954 679 1).
1016 593 1070 655 ein
1100 589 1305 676 cigentlieher

211 696 480 780 handelsvertrag
510 695 583 780 ltge
606 702 673 760 nun
697 697 766 761 hier
788 699 877 762 nicht
898 698 944 760 im
965 695 1086 774 mittel‚
1112 693 1166 760 die
1187 693 1306 759 rechts

211 799 407 883 streitigkeit
436 798 536 864 selbst
564 798 694 864 bezieht
724 801 794 864 sich
815 823 877 864 nur
898 797 1061 863 mittelbsr
1082 797 1221 876 dmoni,
1250 818 1307 861 nur

209 903 353 968 insofern
375 902 424 966 ais
453 902 510 966 der
533 901 686 986 beklagte
708 903 775 967 und
796 903 980 968 Parmenon
1002 899 1078 986 geld
1100 899 1307 985 hergcgoben

212 1006 322 1071 hatten
344 1027 400 1070 um
415 1004 475 1069 ¹die
495 1005 665 1090 gltubiger
685 1005 742 1071 des
757 1007 938 1092 Apaturius
961 1026 1021 1069 aus
1037 1004 1142 1068 einem
1157 1001 1306 1068 handsls·

211 1118 363 1194 vertrage
387 1130 428 1171 zu
449 1107 651 1192 befriedigen
672 1110 739 1174 und
758 1110 811 1174 die
827 1109 961 1173 deshalb
976 1099 1179 1192 geschehene
1192 1105 1307 1192 piand-

210 1213 390 1296 bestellung
416 1211 488 1275 eine
511 1211 707 1297 zwistigkeit
734 1212 894 1277 zwischen
917 1210 1102 1275 Parmenon
1131 1209 1198 1273 und
1222 1209 1309 1296 Aps-

210 1316 315 1379 turius
337 1301 538 1378 horbeifiihrt
547 1319 581 1396 2).
625 1339 684 1380 nec
698 1339 772 1381 mea
787 1315 947 1381 sententia
962 1336 999 1378 eo
1014 1313 1207 1395 infirmatur,
1223 1312 1309 1400 quod

210 1428 300 1482 actor
321 1439 386 1482 non
408 1427 475 1480 tam
497 1427 596 1502 negat
617 1418 705 1484 litem
725 1420 950 1485 mercatoriam
968 1418 1030 1482 sibi
1044 1416 1171 1481 intendi
1184 1415 1309 1480 licitum

211 1542 292 1602 esse,
314 1542 411 1606 quam
433 1543 486 1585 res
509 1522 551 1586 ab
565 1523 725 1609 Apaturio
748 1523 863 1587 allatas
884 1523 977 1588 fictas
999 1542 1071 1587 esse
1092 1520 1308 1584 demonstrat:

210 1626 420 1710 nequeenim
443 1635 604 1689 oratorem
625 1648 758 1711 prorsus
781 1626 865 1710 fugit
886 1625 920 1690 id
942 1625 1145 1711 potissimum
1168 1620 1234 1686 sibi
1254 1620 1308 1686 de-

209 1726 454 1793 monstrandum
482 1749 553 1792 esse
581 1738 779 1793 contractum
810 1729 1036 1794 mercatorium
1058 1725 1182 1790 nullum
1205 1727 1309 1792 actori

209 1852 280 1895 esse
302 1852 375 1894 cum
396 1832 556 1917 Apaturio
578 1871 620 1880 -
643 1832 682 1898 cf.
705 1833 735 1897 3.
758 1831 861 1898 ἄλλου
883 1832 919 1896 δὲ
939 1831 1206 1916 συμβολαίου
1233 1824 1308 1897 οὐκ

211 1926 335 2008 ὄντος
351 1936 424 2018 ἐμοὶ
439 1929 522 2020 πρὸς
538 1935 660 2000 τοῦτον
674 1931 945 2023 παρεγραψάμην
959 1938 1028 1999 κτλ.
1044 1937 1090 1998 13.
1102 1927 1189 2020 μετὰ
1200 1939 1308 1999 ταῦτα

210 2039 327 2101 τοίνυν
341 2039 414 2120 ἐμοὶ
436 2040 498 2120 μὲν
519 2031 616 2103 οὔτε
636 2038 779 2120 μεῖζον
801 2031 883 2102 οὔτ’
898 2041 1082 2102 ἔλαττον
1102 2033 1308 2124 opacantia

210 2139 479 2222 συμβόλαιον
500 2147 677 2224 γέγονεν
686 2188 695 2219 ,
710 2177 752 2186 -
768 2140 826 2203 sed
840 2141 992 2225 quoniam
1003 2140 1083 2205 fines
1097 2140 1178 2204 iuris
1194 2137 1306 2203 dictio-

212 2264 289 2305 num
310 2242 448 2306 Athenis
469 2243 576 2306 minus
599 2252 748 2306 accurate
769 2243 960 2331 praescripti
982 2253 1083 2326 erant,
1111 2243 1214 2307 tutius
1236 2240 1306 2306 fore

212 2345 410 2410 existimauit
443 2346 634 2432 pracsertim
671 2346 759 2433 apud
795 2347 918 2412 iudices
956 2347 1035 2410 iuris
1065 2346 1249 2432 imperitos,
1279 2342 1306 2408 si

212 2469 276 2511 non
306 2449 402 2514 modo
433 2447 555 2513 nullum
584 2457 783 2538 contractum
812 2452 1056 2531 mercatorium,
1085 2448 1142 2513 sed
1174 2448 1306 2514 omnino

210 2550 289 2614 nihil
310 2554 420 2637 negoti
435 2551 497 2614 sibi
512 2573 586 2615 cum
599 2551 759 2639 Apaturio
775 2576 847 2619 esse
862 2552 1188 2638 demonstrauisset⁸).
1220 2549 1305 2616 adde

211 2654 299 2738 quod
327 2677 398 2719 mos
427 2664 496 2718 tum
516 2653 655 2720 Athenis
677 2659 934 2742 inueterauerat‚
960 2667 995 2722 ut
1017 2657 1218 2743 excipientes
1239 2676 1306 2720 non

212 2756 314 2821 solum
329 2758 535 2844 exceptiones
550 2781 626 2823 suas
637 2759 797 2844 legitimas
809 2783 880 2825 esse
890 2760 1051 2825 iudicibus
1061 2758 1306 2847 persuaderent,

212 2859 269 2924 sed
291 2861 390 2926 etiam
411 2883 544 2928 caussas
566 2885 643 2928 suas
665 2864 812 2929 meliores
834 2886 905 2929 esse
928 2865 1072 2930 oratione
1095 2861 1210 2928 eadem
1231 2884 1305 2949 pro·

213 2962 329 3027 barent
339 2966 376 3050 ⁴).
421 2965 560 3051 denique
590 2967 632 3031 ad
661 2976 841 3031 extremum
869 2989 911 3031 ne
937 2969 1009 3053 quis
1038 2968 1188 3049 miretur,
1218 2964 1306 3052 quod

280 3186 310 3256 1)
331 3186 449 3240 eandem
466 3187 497 3240 in
513 3189 679 3243 sententiam
698 3188 826 3242 Blassius
843 3204 909 3260 pag.
927 3189 979 3243 514
997 3188 1080 3243 haee:
1098 3206 1157 3242 war
1175 3188 1236 3248 dies
1255 3188 1307 3243 der

210 3269 271 3336 fall,
290 3271 391 3342 inquit,
411 3273 447 3343 (si
465 3280 544 3329 actor
561 3291 612 3345 pro
630 3275 820 3331 Parmenonte
838 3273 1033 3345 praecinctus
1051 3278 1144 3344 esset),
1169 3293 1201 3331 so
1220 3275 1306 3330 stand

212 3357 265 3411 suf
273 3359 368 3429 grund
378 3359 469 3414 dieses
479 3359 826 3432 geschiiftsverhiiltnisses
836 3362 882 3416 die
889 3360 1094 3432 handelsklage
1103 3361 1167 3415 dem
1173 3365 1230 3434 Ap.
1242 3362 1305 3416 frei.

278 3446 307 3510 2)
323 3447 506 3516 posteriorem
520 3442 608 3501 ¹huius
626 3448 783 3514 sententiae
795 3454 904 3519 partem
920 3449 1036 3503 uerbum
1049 3464 1083 3502 ex
1095 3449 1183 3503 uerbo
1198 3449 1220 3503 I.
1233 3449 1305 3503 Her-

210 3548 330 3586 mannus
347 3549 413 3605 pag.
432 3535 449 3588 8
468 3534 589 3606 repetiit.

279 3620 308 3690 3)
326 3618 363 3674 ef.
381 3620 498 3676 Platnsr
521 3622 539 3677 l.
564 3622 617 3678 cl.:
651 3621 697 3676 die
715 3621 770 3675 auf
790 3621 867 3676 diese
886 3622 1032 3676 umstiinde
1054 3623 1197 3694 gestiitzte
1209 3678 1210 3682 ,
1221 3637 1304 3692 para·

209 3708 318 3778 grapho
335 3708 480 3763 bszweckt
504 3709 550 3762 die
572 3708 738 3779 abwsisung
763 3709 814 3762 der
830 3709 916 3781 klage
940 3709 1073 3764 eusdem
1092 3708 1214 3778 grande,
1240 3707 1305 3762 weil

209 3794 256 3848 die
273 3796 422 3850 tatsnchen
439 3796 558 3850 unwahr
574 3795 634 3849 und
652 3795 794 3850 erdichtet
811 3797 888 3862 sind,
916 3797 985 3852 aber
1002 3797 1081 3853 nicht
1100 3796 1216 3866 darum,
1241 3794 1305 3850 weil

211 3881 356 3936 disselben
374 3899 411 3936 an
428 3883 487 3938 und
510 3881 558 3937 fu'r
579 3882 641 3937 sich
662 3900 699 3935 zu
724 3881 824 3937 keiner
851 3881 1055 3954 handelsklage
1077 3881 1137 3936 sich
1160 3883 1303 3952 eigneten.

209 3968 231 4021 I.
250 3968 429 4023 Hermannns
455 3984 521 4041 pag.
539 3969 557 4022 8
574 3968 739 4023 Platnernm
760 3969 803 4024 ita
823 3970 960 4041 seqnitur,
978 3976 1010 4024 ut
1027 3985 1063 4024 ne
1080 3969 1170 4023 uerbo
1188 3971 1303 4041 quidem

208 4054 408 4125 immutarent,
427 4072 597 4127 quamquem
614 4063 758 4112 auctorem
775 4074 857 4111 snum
874 4074 931 4112 non
949 4057 1057 4110 laudat.

279 4143 308 4211 4)
324 4143 360 4197 of.
380 4142 508 4197 Schoem.
527 4143 562 4196 de
580 4142 635 4197 litt.
654 4145 713 4199 Att.
730 4159 797 4216 pag.
816 4143 869 4198 cto
885 4143 957 4196 med.
982 4149 1010 4196 et
1027 4141 1240 4216 Volkmannns,
1267 4145 1303 4198 de

209 4227 383 4301 Graecorum
401 4235 462 4289 arte
479 4229 629 4308 rhetorica²
648 4229 773 4289 Berolini
791 4231 869 4300 1872,
887 4246 955 4307 pag.
972 4229 1013 4287 57.
