2700 4658
498 275 774 346 -75-·

62 453 170 516 innota
193 458 276 537 sont,
298 449 358 516 sed
382 472 443 516 neo
463 451 565 516 multa
577 452 603 536 ¹)
626 461 700 516 sunt
721 451 763 535 (2,
787 452 815 517 3.
837 451 866 520 4.
894 454 943 520 11.
969 453 1017 518 12.
1038 453 1088 519 24.
1103 452 1153 520 35.

62 556 133 640 37),
161 578 222 620 neo
243 563 371 641 praeter
393 551 515 630 ἀδίκως
537 557 685 640 ἐγκαλεῖν
707 556 763 620 καὶ
785 564 1003 643 συκοφαντεῖν
1026 558 1062 637 2,
1085 553 1154 620 ἀδι-

63 667 128 723 κεῖν
150 659 208 722 καὶ
230 668 452 745 συκοφαντεῖν
474 661 525 740 37,
548 660 696 743 ἐγκαλεῖν
715 650 761 724 roi
775 655 882 743 φενὸἦ
896 659 953 723 καὶ
968 655 1061 742 παρὰ
1077 650 1154 734 τοὺς

62 756 182 845 νόμους
212 755 412 840 δικάζεσθαι
440 762 460 826 3
492 761 531 826 el.
557 763 592 841 4,
621 761 679 841 35,
708 763 743 826 in
771 760 874 827 tribus
896 759 960 826 illis
981 761 1154 846 generibus

64 865 226 929 numerari
248 874 376 950 queunt.

145 978 276 1032 transeo
296 989 382 1033 nuno
400 967 442 1032 ad
461 966 618 1052 reliquum
638 976 796 1048 ornatum,
812 987 875 1054 quo
886 969 989 1032 oratio
1001 967 1155 1032 XXXIII

63 1094 125 1137 non
155 1070 332 1153 abundat.¹
360 1072 500 1158 primum
529 1068 659 1156 quidem
682 1070 903 1136 animaduerti
932 1071 1079 1136 similiter
1100 1070 1154 1135 de·

63 1176 200 1239 sinantia
237 1169 513 1259 (ὃμοιοτέλεοτα)ε
551 1176 579 1237 1.
611 1173 865 1261 καταγνωσθῇ
895 1168 1018 1257 ἀδικῇ
1056 1171 1154 1265 staff,

63 1278 90 1341 2.
114 1274 381 1362 ἐγκαλοῦντας
411 1278 467 1340 καὶ
490 1275 843 1363 συκοφαντοῦντας,
872 1278 904 1343 3.
926 1277 1153 1361 λπιβεβονλεν·

63 1373 134 1454 κῶς
157 1381 213 1444 καὶ
236 1374 516 1460 κατεσκευακῶς,
540 1401 675 1465 quarum
698 1387 806 1444 tamen
821 1380 998 1464 figurarum
1013 1381 1155 1447 seeundo

62 1481 129 1548 sola
165 1483 207 1548 ab
239 1483 395 1568 scriptore
423 1483 569 1567 quaesita
597 1483 676 1547 mihi
704 1483 841 1547 uidetur.
899 1483 1012 1548 eadem
1040 1483 1154 1569 figura,

63 1607 158 1672 quam
198 1594 234 1650 ut
260 1585 355 1648 nimis
385 1585 592 1651 artificiosam
621 1609 642 1650 a
671 1585 890 1653 Demosthene
919 1589 1054 1652 uitatem
1084 1608 1154 1653 esse

62 1688 283 1753 Rehdantzius
308 1689 375 1753 ind.
406 1689 431 1751 I.
462 1710 487 1755 s.
510 1711 542 1754 u.
568 1686 820 1773 ὁμοιοτέλεντον
840 1699 927 1755 reete
949 1689 1033 1768 dicit
1054 1690 1154 1757 multo

62 1793 165 1876 magis
198 1793 370 1879 perspicua
406 1801 455 1856 est
484 1795 518 1856 in
550 1815 596 1858 or.
625 1791 802 1857 XXXVII.
832 1793 873 1858 53
902 1789 1028 1877 ἀγνοῶ
1052 1792 1156 1879 φιλῶ

62 1894 246 1982 ἀποστερῶ
287 1894 508 1979 συκοφαντῶ.
567 1896 606 1961 of.
639 1894 814 1958 XXXVII.
845 1895 887 1960 30
916 1890 1155 1970 κελεύοντος

63 1995 313 2072 ἱκετεύοντος
336 1997 440 2062 LVII.
463 2000 484 2062 2
506 1997 765 2083 ἀγωνιεῖσθαι
787 1999 1026 2087 φοβεῖσθαι.

150 2103 265 2168 deinde
294 2103 329 2165 in
359 2102 504 2165 oratione
533 2100 686 2164 XXXIII
717 2103 863 2187 repetitio
893 2096 1066 2190 (ἀναφοραὶ
1088 2104 1156 2167 eine

62 2199 274 2291 ὲπαναφοραλ
298 2211 347 2269 est
369 2209 400 2285 ξ.
426 2206 465 2268 12
487 2200 628 2269 πολντα
650 2205 684 2269 δὲ
706 2197 849 2285 ποιήσας
871 2207 927 2270 καὶ
949 2209 993 2280 εὶς
1014 2204 1157 2271 πᾶσαν

63 2308 254 2394 ἀπέχθειαν
283 2303 377 2390 αὐτῶ
407 2300 527 2380 enode.
582 2309 638 2372 sed
667 2319 775 2374 tamen
798 2309 879 2373 haee
900 2309 1005 2392 figura
1026 2317 1157 2395 propter

63 2409 255 2498 particulam
277 2412 336 2475 καλ
356 2396 400 2474 ui¹
415 2419 511 2474 earet.
555 2409 790 2476 Demosthenes
805 2433 884 2476 uero
899 2412 1048 2498 quamuis
1064 2419 1157 2476 oaute

64 2525 173 2579 tamen
202 2535 308 2600 paene
332 2514 366 2578 in
396 2534 612 2600 unaquaque
634 2515 779 2580 oratione
800 2516 929 2602 priuata
950 2512 1030 2578 illud
1050 2513 1158 2577 lumen

65 2617 229 2685 orationis·
243 2615 392 2682 adhibuit
411 2617 521 2702 itaque
544 2614 699 2696 adhibuit,
729 2629 765 2683 ut
785 2618 943 2682 acerrima
966 2617 1160 2701 grauissima

65 2720 348 2786 uehementissime
369 2720 460 2785 fieret
482 2720 584 2785 oratio
596 2723 638 2800 2)ε
661 2719 700 2787 of.
716 2719 876 2784 XXXVI.
891 2719 933 2784 23
949 2723 1160 2804 γεγενημένου

64 2828 127 2911 μὲν
139 2861 178 2873 -
189 2826 400 2909 γεγενημένης
411 2825 454 2905 δι’,
466 2824 508 2888 53
520 2819 594 2908 οὐχὶ
607 2861 646 2871 -
658 2820 732 2909 οὐχὶ
749 2853 787 2873 ⁴·
804 2818 864 2887 οὐκ
881 2860 919 2872 -
933 2818 992 2887 οὐκ
1001 2859 1041 2875 -
1050 2818 1159 2887 οὐκ-

65 2925 137 3007 οὐκ,
153 2924 303 2991 XXXVI
305 2926 327 2988 1.
342 2926 385 2990 44
401 2925 515 3016 φυγῶν
525 2927 587 3008 μὲν
604 2962 642 2975 -
658 2919 774 3012 φογῶν
788 2926 830 2998 δέ,
845 2926 887 2991 ib.
904 2915 1001 3000 οὗτός
1019 2931 1160 2992 ἑστιν-

66 3022 167 3104 οὗτός
179 3035 278 3111 ἐστιν,
289 3028 345 3092 55.
358 3028 517 3106 τοιοῦτος,
531 3066 571 3076 -
583 3027 744 3109 τοιοῦτος,
756 3028 968 3094 XXXVIIII.
980 3029 1022 3093 34
1034 3025 1163 3092 κιοῦσαι

66 3135 131 3218 μὲν
151 3168 191 3180 -
216 3131 343 3196 παῦσαι
367 3132 409 3203 ἀλ
431 3129 596 3199 ΧΧΧΧΙ.
619 3133 660 3196 22
684 3130 807 3210 ἐνῆσαν
827 3135 889 3215 μὲν
910 3170 952 3179 -
975 3132 1099 3208 ἐνῆσαν
1119 3130 1163 3210 ot,

144 3425 171 3492 l)
189 3421 380 3476 ἀπαλλάττειν
399 3427 446 3474 aaz
465 3421 579 3491 ἀφιέναι
602 3421 636 3476 12
655 3420 689 3494 ολ.
707 3421 724 3477 3
745 3435 801 3472 non
820 3419 933 3473 suntin
951 3419 1102 3474 uerborum
1120 3435 1165 3474 oo·

71 3509 302 3583 gnominatorum
326 3505 477 3562 artifieiose
501 3506 689 3578 quaesitorum
713 3521 828 3559 numero
852 3505 999 3574 habenda,
1025 3507 1074 3560 sed
1096 3505 1165 3559 iuris

72 3595 233 3653 mercatorii
253 3611 286 3648 ex
305 3594 506 3650 consuetudine
525 3597 661 3664 usurpata
686 3598 765 3658 eunt,
792 3591 832 3644 uti
850 3590 983 3647 XXXVI.
1002 3594 1045 3658 25,
1061 3595 1096 3648 26
1114 3591 1166 3662 bie,

72 3680 221 3740 XXXVII.
240 3683 255 3734 1
275 3680 328 3746 bis,
348 3682 390 3746 16,
412 3679 451 3744 17,
471 3682 511 3745 19,
530 3678 692 3734 XXXVIII.
713 3681 737 3733 1.
755 3678 791 3734 of.
806 3676 894 3732 Bekk.
914 3681 1042 3738 anecdot.
1059 3679 1080 3733 1.
1100 3676 1166 3751 pag.

72 3769 200 3826 462153
226 3770 307 3838 οἰφεῖς
332 3773 379 3818 καὶ
404 3765 574 3828 ἀπολλάξπς·
602 3767 636 3819 τὸ
659 3770 711 3833 μὲν
735 3765 814 3836 ἀφείς
835 3771 925 3832 ἐστιν,
953 3765 1023 3820 ὅταν
1042 3765 1167 3839 ἀπολύσῃ

72 3878 115 3913 τις
132 3861 191 3909 τῶν
209 3853 390 3926 ἐγκλημάτων
409 3844 451 3905 ῶν
468 3851 594 3905 ἐνεκάλει
607 3851 697 3920 αὐτῷ·
716 3853 748 3905 τὸ
769 3850 793 3904 δ’
815 3853 983 3915 ἀπαλλάξας,
1005 3851 1075 3906 ὅταν
1088 3857 1169 3925 πείσῃ

73 3946 126 3999 τὸν
149 3942 322 4016 ἐγκαλοῦντα
342 3942 501 4007 ἀποστῆναι
530 3945 579 3992 καὶ
595 3945 693 4006 μηκέτι
720 3939 859 4011 ἐγκαλεῖν·
893 3939 966 3994 οὕτω
989 3939 1171 4006 Δημοσθένης

74 4035 124 4084 καὶ
136 4025 245 4085 'Ionios

149 4117 178 4188 2)
195 4115 299 4187 Aquila
313 4114 392 4169 Rom.
406 4131 431 4170 o.
443 4115 478 4169 34
490 4115 576 4170 haec:
589 4115 652 4181 ‚hae
665 4114 765 4187 figura‘
777 4113 878 4184 inquit,
887 4113 935 4167 uel
946 4112 1170 4184 frequentissime

75 4203 282 4259 Demosthenes
301 4209 330 4257 et
347 4202 384 4258 M.
403 4202 515 4257 Tullius
533 4208 659 4267 utuntur,
679 4202 792 4272 quando
809 4200 963 4273 praecipuo
980 4206 1009 4255 et
1025 4198 1079 4270 ipsi
1096 4216 1170 4256 oom-

77 4289 146 4348 moti
164 4290 256 4345 uideri
275 4289 374 4344 uolunt
392 4293 420 4342 et
433 4287 554 4343 iudicem
575 4295 766 4344 commouere‘.
