2700 4658
561 315 601 325 -
646 277 688 342 74
730 317 772 327 .-

123 445 154 529 4,
179 446 238 526 13,
267 440 361 534 ὕβρει
382 447 439 513 καὶ
457 416 596 533 Ιὲπηρείρι
618 449 810 517 XXXVIII.
834 451 892 530 31,
922 446 1143 537 ἀναισχυντία
1165 449 1221 514 καί

125 545 233 632 τόλμα
255 547 488 617 XXXVIIII)
510 551 548 615 el.
571 551 678 619 LIIII.
696 555 746 632 37,
769 553 873 617 LVII.
890 556 919 636 6,
940 553 1009 619 οὔτ’
1032 546 1219 617 ἀναιδεστέ-

123 674 186 740 ραν
223 640 298 717 οὔτε
335 661 672 740 συκοφαντικωτέραν
710 654 888 725 XXXVII.
917 659 957 737 3,
992 650 1134 739 πλάσμα
1162 657 1219 720 καί

123 748 315 839 σκευώρημα
338 754 496 820 XXXVI.
519 757 577 835 33,
605 758 706 842 λόγου
728 761 784 823 καὶ
807 761 1036 847 συκοφαντίας
1057 757 1218 822 XXXVI.

124 859 182 938 60,
212 852 398 925 πλάττουσι
429 860 485 922 καὶ
506 855 696 945 παράγουσι
716 862 911 927 XXXVIII.
934 864 970 946 9,
1000 862 1219 948 βλασφημίας

123 963 200 1053 λίγη
229 962 284 1026 καὶ
307 959 486 1054 κακολογῇ·
499 961 658 1029 XXXVI.
681 965 736 1044 61,
766 966 898 1053 ίίγθραςΙ
924 967 979 1029 καὶ
1001 963 1220 1049 βλασφημίας

124 1062 336 1133 XXXVIIII.
358 1065 415 1142 11,
443 1059 504 1141 τὰς
535 1067 701 1149 λοιδορίας
731 1070 787 1134 καί
817 1069 929 1142 αίτίας
951 1065 1055 1133 LVII.
1082 1065 1130 1145 17,
1153 1065 1220 1128 λοι·

124 1168 330 1252 δορηθίντος
352 1168 409 1231 καὶ
430 1170 631 1245 κακίσαντος
652 1170 760 1236 LIIII.
776 1173 807 1248 5,
829 1167 850 1247 ἡ
864 1171 976 1254 ἔχθρα
990 1170 1047 1233 καὶ
1062 1163 1108 1233 τά
1119 1186 1220 1249 προσ·

124 1262 320 1358 κρούσματα
350 1268 457 1334 LIIII.
481 1272 518 1352 3,
548 1264 629 1357 ἀργὴ
652 1273 708 1337 καὶ
731 1275 840 1359 ἔχθρα
862 1271 970 1336 LIIII.
993 1273 1021 1350 6,
1043 1268 1220 1356 ὑβρισθεὶς

127 1374 183 1437 καὶ
205 1363 333 1437 παθῶν
356 1371 500 1438 τοιαῦτα
523 1373 629 1440 LIIII.
655 1378 682 1454 1,
705 1372 890 1456 ἠδικῆσθαι
911 1376 967 1439 καὶ
990 1371 1218 1458 παρανενομῆ-

126 1477 216 1542 σθαι
245 1474 350 1540 LIIII.
376 1475 410 1554 2,
436 1469 521 1559 μήτε
550 1479 738 1567 φοβεῖσθαι
764 1474 838 1562 μήτ’
865 1470 1088 1562 αἰσχύνεσθαι
1111 1475 1220 1544 LIIII.

126 1580 186 1661 23,
216 1578 254 1644 cl.
277 1577 450 1645 XXXVII.
474 1579 533 1661 58,
562 1574 691 1666 ἐχθρὸν
713 1583 768 1646 καὶ
791 1575 956 1668 διάφορον
977 1577 1154 1643 XXXVII.
1179 1579 1220 1643 15

127 1682 167 1749 of.
190 1675 348 1760 συνήθως
370 1687 462 1768 ἔχων
474 1684 531 1748 καὶ
553 1679 717 1768 γνάριμος
738 1675 785 1749 ῶν
807 1682 987 1752 XXXVII.
1010 1682 1062 1764 26,
1084 1678 1152 1745 τῶν
1173 1685 1218 1745 οί·

127 1786 221 1850 κείων
242 1785 299 1849 καὶ
321 1787 429 1870 φίλων
450 1785 555 1851 LIHI.
580 1788 649 1851 1.·

212 1887 249 1975 b)
271 1890 418 1955 notiones
447 1889 602 1974 precandi
630 1888 816 1977 postulandi
843 1886 1035 1954 lacrimandi
1057 1819 1221 1952 chandi

129 1989 351 2077 duplicantur.
381 1991 485 2057 δεῖται
512 1993 568 2057 καὶ
592 1983 725 2058 ἱκετεύει
743 1993 800 2057 καὶ
822 1987 912 2070 ἀξιοῖ
932 1990 1091 2056 XXXVI.
1115 1992 1156 2056 57
1180 1991 1220 2058 ol.

127 2094 303 2160 XXXVII.
336 2095 394 2175 14,
423 2095 537 2178 δέομαι
565 2097 621 2160 καὶ
645 2089 774 2159 ἱκετεύω
793 2095 848 2159 καὶ
872 2089 1039 2178 ἀντιβολῶ
1059 2093 1165 2158 LVII.
1192 2097 1221 2174 1,

128 2192 258 2262 ἱκετεύω
280 2197 336 2261 καὶ
359 2193 525 2279 ἀντιβολῶ
547 2196 650 2262 LVII.
673 2197 723 2279 70,
745 2191 829 2276 ἀξιῶ
851 2197 907 2262 καί
929 2197 1045 2279 δέομαι
1066 2195 1222 2274 111112,

128 2295 274 2378 δεήσεται
311 2301 367 2365 καὶ
405 2293 553 2376 κλαιήσει
584 2298 692 2364 LIIII.
713 2299 774 2377 43,
802 2299 954 2384 δακρύειν
979 2299 1036 2362 καί
1065 2291 1222 2374 ἐλεεινοὺς

129 2398 251 2479 αὑτοὺς
265 2413 372 2468 ποιεῖν
386 2402 581 2467 XXXVIII.
594 2404 645 2482 27,
659 2397 812 2484 δακρύων
822 2403 879 2466 καί
891 2403 1016 2466 κλαίειν
1026 2400 1222 2469 XXXVIII.

128 2507 180 2585 27,
203 2498 372 2582 κλαιήσειν
392 2509 449 2572 καὶ
471 2502 669 2589 ὀδυρεῖσθαι
691 2504 867 2570 XXXVII.
889 2505 941 2582 48,
963 2505 1060 2592 κλαίγ
1073 2505 1132 2569 καί
1146 2500 1222 2570 ἀδά·

127 2631 226 2694 ρηται
241 2608 452 2674 XXXVIIII.
469 2611 520 2689 35,
542 2601 670 2692 κραυγὴ
685 2610 740 2672 καὶ
755 2605 907 2692 θόρυβος
921 2605 1030 2675 LHII.
1042 2607 1073 2689 5,
1094 2603 1223 2692 κραυγὴ

127 2713 183 2774 καί
212 2708 278 2794 βοή
307 2711 414 2777 LIIII.
442 2713 462 2778 9
492 2713 521 2777 δι
549 2713 599 2776 20.
623 2711 708 2776 addo
735 2711 880 2794 βοηθεῖν
908 2711 964 2775 καί
995 2709 1108 2775 δίκαια
1137 2704 1222 2774 ἀπο-

128 2811 245 2879 δοῦναι
267 2813 377 2882 LHII.
398 2815 450 2893 42,
473 2814 619 2896 βοηθεῖν
641 2815 697 2878 καί
719 2809 833 2891 σάζειν
854 2812 959 2878 LVII.
981 2813 1011 2879 3.

215 2925 243 2993 c)
267 2916 369 2982 uerba
399 2916 558 2983 sentiendi
587 2927 620 2983 et
642 2916 827 2983 declarandi
850 2916 1054 3002 duplicantur
1064 2916 1104 3001 ¹),
1134 2917 1223 3001 quod

128 3018 258 3104 quidem
287 3042 390 3104 genus
416 3023 451 3084 in
482 3019 682 3085 orationibus
711 3021 848 3109 priuatis
869 3021 974 3085 rarius
996 3027 1047 3084 est
1067 3039 1166 3104 quam
1187 3021 1223 3086 in

129 3121 329 3187 orationibus
357 3122 511 3210 publicis:
541 3125 644 3207 λέγειν
674 3125 731 3189 καὶ
760 3115 927 3190 διδάσκειν
953 3120 1041 3206 ὑμᾶς
1060 3121 1223 3191 XXXVI.

130 3227 164 3301 1,
194 3226 297 3309 λέγειν
319 3230 376 3292 καὶ
398 3221 621 3292 ἐπιδεικνύναι
643 3236 761 3310 σημεῖα
783 3225 945 3290 XXXVI.
963 3227 1020 3303 12,
1042 3215 1112 3290 οὔτ’
1134 3222 1225 3292 εἶπεν

126 3328 197 3392 οὔτ’
218 3323 387 3412 ᾐτιάσατο
410 3339 443 3394 et
464 3327 506 3396 οὐ
526 3325 753 3415 κατηγόρησεν
774 3325 842 3395 οὐδ
864 3323 1031 3419 ᾐτιάσατο
1049 3326 1153 3392 LVH.
1169 3330 1225 3408 26,

128 3424 248 3506 είδότες
270 3433 325 3496 καὶ
346 3426 583 3516 μεμαθηκότες
606 3431 767 3498 XXXVI.
792 3438 827 3511 1,
852 3429 995 3498 ἀκοῦσαι
1016 3432 1072 3496 καὶ
1093 3429 1225 3514 γΑθεῖν

128 3534 291 3602 XXXVI.
302 3535 324 3599 4
325 3529 540 3656 ,γιγνώσκειν
554 3537 612 3601 καί
624 3542 772 3601 συνιέναι
786 3534 963 3600 XXXVII
973 3534 1025 3613 34,
1040 3528 1080 3597 οὐ
1090 3533 1225 3609 λέληθα

129 3631 275 3720 ηιαυτδν
302 3635 420 3703 οὐδ’
402 3639 513 3722 αγνοῶ
544 3638 722 3706 XXXVII.
751 3640 810 3721 55,
839 3637 975 3703 σκοπῶν
1004 3637 1060 3700 καί
1084 3634 1225 3720 θεωρῶν

128 3740 323 3806 XXXVIII
347 3744 394 3806 ll.

214 3845 312 3908 etiam
339 3845 373 3909 in
401 3845 546 3911 oratione
575 3844 729 3909 XXXIII
759 3844 862 3910 uerba
890 3791 1119 3928 cognomina&
1144 3863 1221 3907 con-

201 4103 229 4170 1)
247 4119 305 4158 αοει
322 4118 390 4157 oum
407 4117 456 4157 οοε
472 4102 558 4168 locos,
576 4102 679 4172 quibua
696 4119 779 4158 suum
794 4099 927 4171 quodque
945 4098 1063 4154 uerbum
1079 4097 1222 4153 obieetum

128 4187 230 4243 Iubet:
256 4188 349 4258 qudi!
366 4195 410 4244 est
426 4187 567 4244 XXXIII.
589 4188 638 4245 18:
663 4187 762 4254 ίτιειδὴ
781 4189 837 4260 γὰρ
859 4189 995 4262 ᾔσθετο
1019 4183 1223 4256 ὃμογναίμοναε

127 4276 213 4333 ὄντας
223 4280 272 4346 ipe*
283 4282 332 4329 καί
345 4277 398 4332 τὸν
412 4275 563 4340 Φώκριτον
574 4280 625 4330 καί
641 4280 729 4348 {yvo
742 4271 1011 4340 καταδιαιτήσοντας
1026 4269 1100 4340 ἦμιε
1111 4274 1222 4331 ἑαυτοῦ.
