2700 4658
504 263 711 326 ..41-

205 432 239 519 d)
262 433 487 498 commercium
513 441 582 498 tum
611 451 652 496 cx
681 430 807 516 legibus
837 428 1024 517 syngrapha
1046 450 1155 495 coram

261 534 369 601 multis
391 535 528 601 testibus
550 534 657 600 deleta
678 533 818 600 solutum
839 555 911 600 esse

313 654 531 704 6666666116
561 637 779 726 conprobatur
801 637 907 724 (12b).

51 789 54 798 .
87 743 125 831 Β)
148 751 321 808 narrantur
335 764 384 827 ea,
399 742 517 830 quibus
533 749 642 807 orator
656 740 853 828 probaturus
868 750 917 807 est
928 745 1042 829 postea
1056 738 1158 803 actori

146 869 220 913 cum
242 846 402 934 Apaturio
432 846 659 912 commercium
681 844 805 911 nullum
826 845 928 910 fuisse
950 843 1006 930 (13
1029 840 1068 890 -ὲ
1093 840 1156 928 21).

149 950 180 1037 1)
204 949 259 1036 qui
287 950 409 1015 factum
438 950 493 1031 sit,
520 958 557 1014 ut
578 949 738 1015 diaetetae
761 948 965 1034 eligerentur,
990 944 1046 1033 qui
1068 944 1157 1009 litem

204 1054 288 1118 inter
301 1051 551 1118 Parmenontcm
572 1060 605 1119 et
619 1048 815 1140 Apatmium
833 1061 939 1119 ortam
954 1047 1157 1115 diudicarent

201 1259 235 1346 a)
256 1257 507 1325 Parmenontem
528 1259 688 1345 Apaturio
715 1258 874 1325 actionem
895 1258 1085 1323 iniuriarum
1107 1255 1155 1319 in·

254 1361 397 1428 tendisse
418 1361 461 1428 ch
484 1360 631 1443 uerbera,
644 1360 772 1449 quibus,
788 1383 862 1427 cum
876 1361 986 1426 furtim
1001 1359 1156 1444 aufugere

257 1485 330 1531 eum
353 1465 545 1555 prohiberet,
566 1486 739 1551 percussus
761 1472 847 1530 essct
868 1465 923 1551 (13
933 1465 975 1551 a).

202 1569 237 1658 b)
259 1590 299 1634 ea
325 1569 360 1632 in
391 1570 518 1635 actione
538 1569 734 1656 Apaturium
763 1570 814 1633 ius
840 1567 1013 1634 iurandum
1036 1590 1056 1631 a
1076 1564 1156 1629 Par·

179 1704 182 1708 ⁴
254 1680 405 1737 16666616
440 1670 584 1738 oblatum
615 1692 650 1736 se
681 1672 863 1739 iuraturum
892 1672 1030 1761 pecunia
1058 1670 1155 1734 inter·
1268 1744 1270 1748 ι

260 1775 367 1862 posita
388 1774 567 1861 pollicitum
589 1794 661 1840 esse

352 1892 563 1947 rusrmoruo
585 1875 741 1966 probatur
763 1875 871 1965 (13b).

208 1980 239 2066 6)
261 1979 461 2067 Apaturium
486 1988 594 2046 autem
616 1982 772 2065 ueritum,
793 2004 834 2047 66
865 1981 893 2046 61
913 1980 964 2045 166
986 1977 1159 2043 iurandum

258 2083 337 2148 illud
374 2084 563 2151 aduersario
597 2084 755 2168 dedisset,
793 2085 914 2172 periuri
944 2088 1159 2160 accusaretur,

259 2187 387 2253 actione
417 2197 530 2254 contra
556 2190 682 2255 intenta
712 2187 872 2270 effecisse,
900 2195 936 2252 ut
958 2206 1093 2252 caussae
1115 2183 1159 2249 ad

137 2284 138 2287 '
259 2289 416 2356 diaetetas
439 2291 642 2358 deferrentur
657 2293 734 2380 (14).

204 2393 239 2480 d)
262 2393 451 2481 syngrapha
472 2394 512 2460 de
535 2395 643 2462 diaeta
665 2395 890 2463 constituenda
910 2400 1065 2460 statutum
1086 2410 1158 2455 esse

258 2505 295 2561 ut
324 2507 390 2563 tres
420 2498 580 2564 diaetetae
606 2519 672 2563 una
697 2497 886 2563 iudicarent.
937 2492 1158 2582 syngrapham

261 2599 366 2686 ipsam
380 2600 483 2688 primo
500 2600 587 2687 apud
600 2600 789 2667 Phocritum
803 2600 920 2665 deinde
931 2598 1018 2686 apud
1033 2597 1158 2661 Aristo·

258 2701 350 2784 clem,
364 2724 500 2789 quorum
514 2712 649 2791 uterque
668 2703 782 2770 arbitri
803 2725 936 2769 munere
951 2697 1157 2786 fungebatur,

260 2804 441 2893 depositam
461 2827 531 2872 essc
554 2808 632 2896 (15).

296 2923 505 2976 6666616611
532 2926 762 2993 cremamus,
792 2909 909 2998 quibus
938 2907 1096 2998 probatur
1126 2913 1159 2970 61

297 3014 519 3100 syngrapham
549 3014 637 3101 apud
658 3013 850 3080 Aristoclem
879 3013 1060 3102 depositam
1087 3030 1159 3074 esse

296 3123 329 3180 61
349 3115 408 3181 1116
431 3116 589 3184 diaetctas
610 3139 683 3184 esse
704 3118 831 3183 electos.

78 3232 296 3289 urracam
331 3217 541 3308 (ussusmso)
575 3223 719 3287 66611661
751 3221 887 3286 61616116
928 3239 1040 3305 preces
1050 3217 1090 3304 1),
1123 3222 1160 3279 ut

76 3314 215 3389 beniuole
235 3321 358 3388 iudices
380 3323 537 3410 reliquam
558 3326 776 3391 narrationem
799 3323 934 3390 audiant
955 3321 1063 3409 (166).

153 3425 186 3512 2)
208 3425 265 3512 qui
286 3425 408 3491 factum
431 3428 482 3506 sit,
502 3437 539 3493 ut
560 3429 669 3494 diaeta
692 3429 870 3496 solueretur
891 3425 976 3514 (161)
990 3461 1032 3473 -
1050 3422 1112 3508 18).

207 3530 240 3617 a)
263 3528 458 3617 Apaturium
474 3532 693 3619 syngrapham
708 3554 768 3621 per
781 3526 976 3598 Aristoclem
991 3524 1160 3592 delendam

260 3654 393 3699 curasse
415 3633 525 3721 (161)).

204 3735 240 3823 b)
264 3736 400 3802 eundem
423 3735 540 3802 deinde
561 3738 733 3822 negauisse
749 3737 810 3805 sibi
826 3757 1019 3826 quemquam
1032 3742 1160 3822 praeter

262 3838 455 3905 Aristoclem
476 3839 633 3906 arbitrum
656 3862 727 3907 esse
749 3841 827 3928 (17).

76 3948 274 3964 ’κ’-*α

138 3995 163 4067 1)
182 3991 272 4060 δέησις
292 3993 388 4048 media
413 3995 442 4048 in
468 3993 594 4050 oratione
616 4000 753 4067 usurpata
774 4012 832 4051 666
850 3995 984 4052 abhorret
1008 4009 1026 4047 a
1043 4005 1161 4048 consue·

76 4079 165 4135 udins
182 4086 324 4137 oratorum
343 4079 380 4139 cf.
400 4079 578 4155 [mxlii]
606 4082 648 4140 17.
667 4081 702 4137 61.
720 4082 779 4137 LV.
798 4083 840 4137 10.
876 4079 960 4146 δῆλον
980 4077 1008 4133 δ’
1028 4079 1096 4148 ὑμῖν
1112 4084 1161 4132 καὶ

75 4167 148 4221 τοῦτ’
164 4169 266 4223 αὐτίκα
286 4170 367 4222 ἔσται
383 4175 487 4223 πᾶσιν·
511 4166 580 4221 atta
600 4173 750 4242 προσέχετε
769 4161 793 4224 sd
810 4166 911 4243 ἄνδρες
923 4172 1074 4235 Ἀθηναῖοι
1091 4161 1162 4241 orode

76 4252 132 4311 Acts
148 4260 195 4310 καὶ
213 4258 294 4310 θεῶν
310 4255 363 4309 τὸν
380 4261 458 4310 νοῦν.
