2700 4658
505 268 713 331 ..41-

207 434 240 522 d)
263 436 489 501 commercium
514 446 584 502 tum
613 455 654 501 ex
682 435 809 521 legibus
838 434 1026 522 syngrapha
1047 456 1156 501 coram

262 537 371 603 multis
392 538 529 604 testibus
552 538 658 604 deleta
680 537 819 605 solutum
841 560 913 605 esse

314 657 533 708 rssrruosus
562 642 781 730 conprobatur
803 642 908 730 (12b).

56 790 59 799 ·
92 744 128 832 B)
150 754 322 811 narrantur
336 768 385 830 ea,
401 746 518 833 quibus
535 753 643 811 orator
658 745 853 832 probaturus
869 755 919 812 est
929 751 1043 833 postea
1057 743 1160 810 actori

147 871 221 915 cum
243 849 403 936 Apaturio
433 851 660 916 commercium
683 849 806 916 nullum
828 850 929 916 fuisse
952 848 1007 936 (13
1030 885 1069 896 -
1093 846 1158 934 21).

150 952 181 1039 1)
205 952 260 1039 qui
288 953 409 1019 factum
439 954 494 1035 sit,
521 962 558 1018 ut
580 952 739 1019 diaetetac
762 954 966 1039 eligerentur,
991 950 1047 1038 qui
1069 950 1158 1016 litem

205 1057 289 1120 inter
302 1056 552 1122 Parmenontem
573 1064 606 1123 et
619 1052 816 1144 Apaturium
834 1066 940 1124 ortam
954 1054 1158 1121 diudicarent

206 1159 261 1245 (13
284 1196 323 1206 -
349 1159 412 1246 15).

201 1261 235 1349 a)
257 1260 507 1329 Parmenontem
528 1262 688 1349 Apaturio
715 1263 875 1329 actionem
895 1262 1086 1328 iniuriarum
1107 1252 1155 1326 in-

254 1364 397 1431 tendisse
419 1365 461 1432 ob
485 1365 631 1447 uerbera,
645 1365 773 1453 quibus,
788 1389 862 1432 cum
877 1366 986 1432 furtim
1001 1365 1157 1450 aufugere

257 1490 331 1534 eum
353 1469 545 1558 prohiberet,
566 1490 739 1554 percussus
762 1469 976 1557 esset(13a).

202 1572 237 1660 b)
260 1593 299 1637 ea
325 1572 361 1635 in
391 1573 518 1638 actione
539 1573 735 1659 Apaturium
764 1575 815 1638 ius
840 1572 1012 1639 iurandum
1036 1595 1056 1637 a
1076 1571 1156 1635 Par·

255 1683 405 1741 menonte
441 1675 585 1741 oblatum
615 1698 650 1741 se
681 1676 863 1744 iuraturum
892 1677 1030 1765 pecunia
1058 1676 1155 1739 inter·
1268 1751 1271 1755 g

260 1778 367 1866 posita
389 1777 567 1864 pollicitum
589 1800 660 1845 esse

352 1897 563 1951 rssrmoruo
584 1880 741 1970 probatur
763 1881 871 1970 (13b).

208 1983 239 2070 c)
262 1983 461 2070 Apaturium
486 1993 594 2050 autem
616 1987 771 2070 ueritum,
793 2008 834 2053 ne
865 1986 893 2052 si
914 1986 964 2051 ius
986 1983 1159 2050 iurandum

257 2086 337 2151 illud
374 2087 562 2157 aduersario
597 2090 755 2172 dedisset,
793 2090 914 2177 periuri
943 2094 1158 2167 accusaretur,

258 2191 386 2257 actione
416 2200 530 2258 contra
557 2194 682 2260 intenta
712 2192 872 2275 effecisse,
900 2200 936 2257 ut
958 2212 1092 2258 caussae
1115 2189 1159 2254 ad

258 2292 416 2360 diaetetas
439 2294 642 2362 deferrentur
656 2297 733 2385 (14).

203 2395 238 2483 d)
262 2397 450 2484 syngrapha
472 2397 512 2464 de
534 2399 643 2466 diaeta
664 2400 890 2466 constituenda
909 2405 1064 2465 statutum
1086 2417 1157 2461 esse

258 2507 295 2563 ut
323 2508 389 2565 tres
419 2501 579 2568 diaetetae
605 2524 672 2568 una
697 2502 885 2567 iudicarent.
937 2498 1158 2588 syngrapham

260 2601 365 2688 ipsam
379 2603 483 2690 primo
500 2605 587 2691 apud
601 2605 788 2672 Phocritum
803 2604 919 2671 deinde
930 2604 1017 2692 apud
1032 2602 1157 2667 Aristo·

258 2703 349 2788 clem,
363 2727 500 2792 quorum
513 2717 648 2796 uterque
667 2708 782 2775 arbitri
802 2730 936 2774 munere
951 2705 1157 2793 fungebatur,

259 2807 440 2896 depositam
460 2831 531 2876 erse
553 2812 631 2900 (15).

294 2926 504 2979 rssrmorus
531 2930 762 2998 mersumve,
791 2914 908 3002 quibus
937 2913 1095 3003 probatur
1126 2920 1159 2977 et

295 3018 518 3104 syngrapham
548 3018 635 3105 apud
657 3018 849 3085 Aristoclem
878 3018 1059 3107 depositam
1086 3036 1159 3082 esse

295 3126 327 3182 et
347 3119 407 3184 tris
429 3119 587 3187 diaetetas
609 3143 681 3187 esse
703 3123 830 3188 electos.

73 3239 295 3291 ΜΕΤΑΒΑΣΙΣ
329 3222 540 3313 (Tsarsrsuo)
574 3227 718 3292 continet
750 3226 885 3291 oratoris
927 3245 1039 3310 preces
1049 3222 1089 3308 ²),
1122 3229 1158 3285 ut

71 3320 214 3390 beniuole
234 3324 357 3390 iudices
378 3326 536 3413 reliquam
557 3330 775 3395 narrationem
797 3328 932 3394 audiant
954 3327 1062 3414 (tea).

151 3427 184 3514 2)
208 3428 263 3514 qui
284 3428 406 3494 factum
429 3431 480 3511 sit,
500 3440 538 3496 ut
559 3433 668 3499 diaeta
691 3433 868 3500 solueretur
890 3430 975 3518 (leb
988 3467 1031 3478 -
1049 3428 1110 3515 18).

206 3532 239 3619 a)
261 3531 457 3619 Apaturium
472 3536 692 3622 syngrapham
707 3559 766 3624 per
780 3535 975 3602 Aristoclem
989 3531 1159 3598 delendam

258 3657 391 3702 curasse
413 3637 523 3724 (leb).

202 3736 239 3826 b)
262 3739 398 3804 eundem
421 3739 538 3806 deinde
559 3742 731 3827 negauisse
748 3743 809 3810 sibi
824 3763 1016 3831 quemquam
1031 3749 1159 3829 praeter

260 3841 453 3909 Aristoclem
474 3842 631 3910 arbitrum
654 3867 725 3910 esse
748 3845 825 3934 (17).

70 3956 272 3966 ——ffi-..a—-n

134 3998 161 4069 1)
180 3994 270 4063 δέησις
290 3996 385 4051 media
411 3998 440 4050 in
466 3997 592 4053 oratione
614 4004 751 4071 usurpata
772 4018 830 4056 non
848 4001 982 4057 abhorret
1006 4015 1024 4052 a
1042 4012 1158 4054 consue-

69 4083 162 4138 tudine
180 4089 321 4140 oratorum
341 4083 377 4142 cf.
397 4083 576 4160 [XXXXHL]
604 4087 646 4143 17.
665 4085 701 4141 cl.
718 4086 777 4142 LV.
797 4088 838 4142 10.
874 4085 958 4152 δῆλον
978 4083 1006 4139 δ’
1026 4085 1094 4154 ὑμῖν
1111 4091 1160 4138 καὶ

67 4171 144 4224 τοῦτ’
162 4171 264 4225 αὐτίκα
284 4174 364 4225 ἔσται
381 4178 485 4226 πᾶσιν·
508 4170 578 4225 ἀλλὰ
598 4177 748 4246 προσέχετε
767 4166 791 4228 ὦ
808 4171 909 4248 ἄνδρες
921 4178 1072 4240 Ἀθηναῖοι
1089 4167 1160 4247 stads

69 4257 129 4314 Διὸς
145 4261 193 4312 καὶ
211 4261 291 4311 θεῶν
308 4258 361 4312 τὸν
377 4264 456 4313 νοῦν.
