2700 4658
569 223 779 286 ..21-

130 413 161 456 u.
186 391 217 458 d.
239 378 263 461 l.
283 392 328 458 cl..
351 391 491 476 priorem
514 394 752 459 accusationem
781 394 940 460 sententia
968 394 1110 460 iudicum
1138 396 1222 460 iura·

128 503 236 560 torum
251 496 422 561 rescissarn
438 517 509 561 esse
527 507 650 581 negab-
679 498 797 562 etenim
811 497 898 584 quod
912 506 1003 563 actor
1016 498 1222 585 paragrapho

126 596 254 662 decima
276 597 354 662 dicit
377 592 429 687 ἐφ’
458 587 477 690 ᾗ
508 593 570 684 ἐγώ
602 600 675 690 δίκῃ
705 595 765 667 τὸν
792 596 970 687 Θεόφημον
999 597 1134 666 διώκω
1163 601 1221 680 τῆς

129 703 258 777 αὶκίας;
271 703 456 775 rectissime
469 701 626 768 Schaefor
639 703 721 768 ΙΙΙΒ
742 726 818 790 pag.
842 705 905 770 196
927 705 1093 792 scrupulos
1113 705 1220 788 lagen·

126 803 215 896 tibus
237 807 366 871 exemit.
410 807 528 872 actoris
551 807 635 873 onim
664 808 784 874 actioni
811 807 930 875 idcirco
961 831 1026 874 non
1054 809 1119 873 iam
1148 807 1221 873 finis

126 909 288 993 inpositus
325 918 390 989 est,
426 911 504 996 quia
540 909 645 976 dicam
681 909 978 1000 ψευδομαρτυριῶν
1013 910 1220 1000 Theophemo

127 1012 265 1098 scripsit.
309 1012 395 1098 quod
418 1014 445 1078 si
466 1021 565 1078 testes
587 1013 630 1079 ab
652 1014 705 1080 illo
727 1013 888 1080 adhibitos
910 1016 1060 1081 mentitos
1076 1037 1146 1080 esse
1168 1015 1220 1080 de*

126 1124 310 1181 monstrare
338 1125 481 1203 poterat,
518 1116 623 1184 denuo
660 1119 711 1183 ius
741 1139 833 1183 suurn
867 1120 993 1184 actione
1030 1118 1220 1184 iniuriarum

125 1219 279 1304 persequi
301 1219 331 1283 ei
352 1218 480 1288 licebat.

214 1343 386 1408 quaecum
407 1323 453 1390 ita
468 1324 542 1406 sint,
561 1323 609 1389 sio
631 1324 839 1390 statuendum
852 1323 931 1388 mihi
952 1324 1079 1390 uidetur
1089 1326 1132 1411 ¹):
1155 1324 1219 1389 duo

126 1449 200 1492 esse
228 1447 349 1512 genera
377 1424 586 1518 ἀντιγραφῆς
615 1428 859 1512 distinguenda,
888 1450 988 1493 unum
1010 1432 1081 1514 {quo
1110 1428 1138 1492 is
1165 1428 1221 1514 qui

126 1538 300 1605 accusatur
327 1551 400 1599 oum
428 1531 484 1618 qui
513 1533 725 1598 accusauerit
748 1532 862 1599 eodem
896 1541 1040 1618 tempore
1076 1531 1148 1597 aliis
1179 1530 1219 1596 de

126 1633 227 1699 rebus
249 1642 347 1720 atque
369 1635 409 1700 de
431 1633 548 1721 quibus
576 1636 610 1700 in
637 1636 692 1702 lite
713 1636 803 1723 prius
833 1636 958 1702 intenta
978 1635 1086 1720 agitur
1107 1643 1220 1700 contra

126 1738 162 1802 in
185 1737 236 1801 ius
251 1745 355 1820 uocet,
376 1738 511 1803 alterum
527 1761 590 1825 quo
613 1739 725 1805 eadem
744 1740 783 1806 do
805 1761 841 1804 re
863 1740 904 1805 ab
920 1749 1056 1825 utroque
1078 1739 1221 1804 actiones

124 1841 345 1908 intendantur.
389 1865 446 1907 our
467 1864 544 1907 uero
566 1843 682 1930 prioris
704 1846 831 1928 generis
854 1841 1046 1930 antigrapho
1070 1843 1153 1908 actio
1178 1841 1219 1907 ab

127 1954 317 2012 accusatore
331 1945 456 2012 intenta
470 1945 648 2011 differenda
662 1948 714 2013 uel
723 1944 938 2012 rescindenda
952 1946 1221 2026 fueritcaussam

126 2072 194 2115 non
215 2048 321 2130 uideo,
344 2058 377 2114 et
391 2048 477 2135 quod
498 2047 654 2116 hahemus
669 2050 850 2136 exemplum
872 2057 983 2138 aperte
1004 2058 1117 2115 contra
1132 2049 1219 2118 dicit.

127 2151 261 2218 alterius
284 2162 390 2218 autern
412 2154 540 2237 generis
563 2153 754 2240 antigrapho
778 2154 938 2221 actionem
952 2153 1042 2239 prius
1062 2154 1220 2218 intentam

128 2255 339 2320 differendam
365 2256 465 2323 fuisse
493 2279 598 2344 paone
627 2279 686 2344 per
716 2280 750 2323 so
777 2264 882 2345 patet:
915 2279 992 2322 nam
1025 2265 1220 2344 potestatem

129 2359 257 2444 legibus
288 2358 399 2424 datam
426 2361 573 2448 fuissee),
601 2371 637 2426 ut
667 2361 781 2426 eadem
817 2382 934 2426 caussa
963 2360 1065 2426 altera
1094 2362 1220 2426 actione

128 2471 240 2546 staret,
262 2462 392 2528 caderet
413 2473 521 2529 autem
536 2466 647 2547 altera,
668 2464 730 2530 hoc
752 2464 794 2529 ab
810 2465 897 2530 omni
918 2462 1148 2550 probabilitate
1163 2463 1218 2529 ab

126 2568 247 2637 horret.
292 2568 348 2653 qui
369 2567 454 2630 enim
474 2567 596 2633 iudices
620 2567 826 2632 existimandi
849 2574 937 2650 sunt,
960 2588 1057 2654 quam
1079 2567 1220 2632 audaces

128 2693 228 2758 quam
249 2670 440 2757 inpudentes
462 2693 560 2758 quam
581 2671 721 2754 scelesti,
743 2671 798 2758 qui
819 2670 967 2752 eundem,
997 2692 1092 2757 quem
1113 2671 1221 2758 priore

131 2775 260 2841 actione
282 2774 529 2840 condemnatum
552 2797 622 2840 esse
645 2775 770 2855 scirent,
793 2773 895 2840 altera
916 2775 1042 2840 actione
1063 2776 1221 2840 insontem

129 2901 205 2945 esse
226 2877 464 2944 indicauerint?
487 2880 539 2943 cui
561 2879 697 2966 donique
719 2878 806 2944 bono
828 2887 897 2943 orat
918 2877 999 2944 haec
1021 2879 1223 2968 antigrapho,

129 2982 195 3047 nisi
216 2982 305 3067 prior
327 2981 575 3048 diudicabatur?
607 2984 656 3048 sin
678 2992 785 3049 autem
806 2983 896 3068 prior
924 2981 1165 3067 diudicabatur,
1187 2993 1223 3049 ut

130 3085 368 3168 diudicabatur,
383 3085 531 3151 breuioro
545 3096 688 3172 ternpore
704 3086 745 3150 ad
760 3086 856 3152 finem
878 3087 943 3151 litis
957 3087 1221 3172 perueniebatur:

129 3212 210 3253 nam
238 3190 267 3253 is
299 3188 354 3275 qui
384 3199 554 3255 accusatus
576 3197 662 3271 orat,
693 3191 765 3277 qui,
794 3191 821 3254 si
851 3188 1042 3276 antigrapho
1063 3189 1223 3273 utebatur,

130 3294 272 3358 uiolatus
295 3314 452 3359 essenon
473 3292 647 3359 uiolauisse
668 3293 832 3380 putandus
854 3303 932 3374 orat,
954 3315 1020 3358 una
1042 3295 1168 3359 actione
1191 3303 1223 3358 et

132 3542 195 3590 teta
214 3535 429 3590 condemnatum
446 3534 553 3589 indices
569 3533 769 3604 appellauisse:
788 3532 960 3588 accusatoris
973 3549 1075 3587 caussa
1091 3533 1148 3588 iam
1162 3533 1222 3588 din-

134 3621 224 3677 dicari
242 3639 298 3677 non
316 3629 435 3692 poterat,
454 3621 521 3693 quia
538 3620 727 3692 appellatione
745 3618 824 3675 facta
843 3619 982 3674 diaotetao
999 3620 1148 3691 iudicium,
1166 3638 1222 3692 quo

134 3710 334 3781 Theophemus
356 3709 559 3765 condemnatus
581 3710 654 3772 erat,
682 3705 895 3762 rescindebatur
916 3723 951 3761 ac
974 3707 1066 3762 denuo
1093 3709 1129 3760 do
1153 3706 1223 3761 anti·

133 3798 243 3870 grapho
260 3798 402 3869 agendum
419 3801 487 3862 erat,
507 3795 573 3849 dum
590 3793 762 3848 accusatoris
781 3809 883 3848 caussa
901 3792 1039 3848 diudicari
1055 3797 1159 3863 posset.

205 3885 232 3955 1)
250 3884 325 3941 idom
352 3886 408 3940 iam
426 3883 542 3938 Platnor
561 3881 596 3934 ΙΙ.
616 3897 682 3954 pag.
701 3881 755 3936 204
772 3880 885 3936 uidetur
903 3881 1062 3951 suspicatus
1081 3894 1151 3948 osso,
1174 3879 1223 3950 qui

134 3977 232 4026 tamen
250 3988 276 4024 u.
295 3973 321 4026 d.
340 3988 397 4026 non
414 3971 462 4025 uia
479 3975 509 4026 ot
525 3968 634 4023 ratione
652 3968 682 4021 id
699 3967 774 4036 quod
791 3967 881 4022 uoluit
893 3967 1031 4037 probauit,
1049 3964 1224 4036 eandemque

134 4061 196 4116 fere
214 4057 360 4113 Schaeferi
377 4055 545 4113 sententiam
563 4052 651 4109 luisse
667 4053 735 4109 indo
753 4054 848 4125 colligi
865 4061 967 4126 potest,
992 4052 1069 4124 qnod
1088 4050 1133 4106 hic
1150 4069 1178 4105 u.
1197 4052 1223 4105 d.

134 4162 190 4201 noc
206 4146 237 4198 in
253 4144 353 4201 Boeoti
371 4144 469 4198 necin
487 4143 611 4214 Spudiae
628 4157 730 4196 caussa
750 4142 932 4213 antigrapheo
951 4139 1119 4195 mentionem
1136 4137 1212 4199 fecit,

206 4234 234 4305 2)
251 4231 289 4287 cf.
306 4231 431 4288 Schoem.
450 4225 606 4286 tirannio.
623 4245 689 4300 pag.
708 4229 767 4286 654.
