2700 4658
561 271 771 335 ,45-

380 439 414 525 1)
434 446 587 518 actorem,
609 439 638 504 ai
657 461 753 528 praee
774 449 869 522 esset,

436 541 686 607 Parmenontem
697 542 834 608 Athenis
851 542 941 608 abire
964 564 1133 629 passurum
1148 568 1214 612 non

435 643 536 710 fnisse
558 643 638 730 (28),

379 747 413 832 2)
435 747 588 836 praedem
612 767 647 813 ae
669 769 826 815 essenon
840 756 1031 831 negaturum
1054 770 1132 829 esse,
1156 750 1214 815 aed

435 852 483 914 ita
496 872 530 915 ae
544 849 760 932 defensurum,
784 859 820 915 ut
834 850 1002 917 arbitrium
1019 860 1126 917 ratum
1143 875 1214 918 esee
1266 859 1268 864 ’

439 955 601 1040 negitaret
622 953 701 1040 (29).

378 1057 413 1142 3)
435 1057 589 1122 amissam
611 1079 683 1123 esse
704 1059 896 1145 pactionem,
926 1079 967 1123 ex
989 1078 1055 1144 qna
1076 1060 1215 1144 pecunia

435 1160 593 1245 exigatur,
615 1183 675 1227 neo
696 1169 856 1242 constare,
877 1181 961 1247 quae
982 1161 1017 1226 in
1039 1182 1080 1227 ea
1095 1163 1214 1249 scripta

431 1261 550 1328 fuerint
572 1262 651 1350 (30).

167 1358 234 1447 ΒΒ)
255 1419 258 1426 .
278 1383 528 1434 nArAnnrrMA
546 1382 756 1452 (nxnnrnvn)
780 1365 945 1452 (at-34).

381 1469 413 1557 1)
436 1469 591 1535 Aristocli
611 1468 708 1535 fidem
731 1467 915 1534 habendam
936 1489 1001 1533 non
1023 1490 1107 1552 ease,
1136 1471 1213 1557 quia

434 1592 476 1636 ex
497 1572 611 1638 eadem
629 1572 793 1660 pactione,
816 1593 914 1659 quam
934 1571 1120 1653 debuisset,
1143 1595 1212 1639 sen·

428 1678 563 1741 tentiam
585 1676 733 1759 edixerit,
755 1675 852 1763 idque
874 1676 944 1741 aino
966 1676 1113 1761 collegis,
1140 1698 1213 1742 cum

427 1778 611 1847 Parmenon
622 1780 718 1845 unius
733 1801 770 1844 ae
785 1778 899 1845 arbitri
912 1781 1095 1866 cognitione
1110 1782 1213 1847 teneri

427 1883 614 1967 negauisaet
634 1883 713 1970 (31).

370 1984 405 2069 2)
427 2006 525 2070 quam
555 1984 597 2051 ob
626 2007 777 2050 causeam
798 1986 1064 2071 Parmenontem,
1094 1988 1122 2052 ai
1144 1988 1214 2054 eiua

425 2109 511 2152 nunc
539 2109 657 2153 caussa
688 2097 851 2173 ageretur,
879 2090 1115 2156 absoluendum
1142 2113 1213 2157 eaeo

424 2191 491 2276 (32.
514 2193 556 2257 33
565 2194 613 2277 a),
643 2192 834 2279 praesertim
861 2214 936 2258 cum
964 2193 1107 2261 familiae
1127 2195 1217 2261 cala·-

423 2295 536 2360 mitate
549 2294 679 2360 domum
698 2295 859 2362 abductus
874 2305 961 2362 esset
982 2296 1091 2384 (33b)‚
1113 2319 1212 2384 quam

424 2395 554 2482 quidem
588 2421 658 2465 rem
694 2401 797 2465 aolam
831 2400 952 2465 iustum
991 2400 1212 2467 aduersarium

422 2509 653 2567 commoturam
675 2501 793 2584 fuisse,
822 2512 858 2567 ut
880 2502 1049 2568 arbitrium
1070 2504 1105 2568 in
1126 2503 1211 2569 illius

420 2603 559 2670 reditum
580 2602 724 2669 differret
746 2605 803 2690 (34
810 2607 856 2691 a).

368 2707 404 2792 3)
419 2714 540 2793 quanto
561 2706 661 2792 igitur
681 2708 786 2792 magio
809 2718 950 2779 actorem
975 2707 1216 2774 absoluendum.

417 2831 505 2891 esee,
537 2813 590 2875 cui
626 2811 750 2876 nullum
786 2812 828 2877 'eit
862 2833 935 2876 oum
966 2813 1126 2901 Apaturio
1154 2833 1209 2876 ne·

417 2913 542 2998 gotium
564 2915 622 2998 (34
632 2914 679 2999 b).

125 3000 177 3080 VI.
217 3034 446 3110 namnam
462 3034 664 3105 (rmnsmro)
692 3040 713 3084 a
737 3018 980 3085 confirmatione
1009 3017 1052 3083 ad
1089 3017 1210 3085 refuta

122 3109 236 3189 tionem¹
255 3117 424 3185 aduersari
445 3119 570 3207 (abab).

325 3231 438 3288 contra
466 3223 555 3309 leges
589 3222 630 3289 ab
660 3223 820 3310 Apaturio
851 3233 993 3289 actorem
1021 3234 1209 3293 accusatum

325 3347 396 3402 esee
421 3325 677 3395 demonstratum
706 3348 785 3393 ease.
831 3327 888 3393 scd
909 3328 1106 3413 Apaturium
1134 3351 1209 3416 oyn-

324 3429 484 3516 grapbam
506 3430 568 3499 eibi
588 3452 659 3497 eene
681 3431 788 3498 dicere
809 3452 883 3511 non
897 3452 1060 3496 ausurum.

122 3513 189 3695 Vl}
211 3552 270 3600 ra
287 3553 392 3606 ΠΡΟΣ
406 3537 698 3606 Anrmrronsiue
724 3555 848 3605 arara
879 3554 1095 3622 (aucurino)
1125 3535 1209 3622 (350

122 3656 162 3674 κ
180 3632 247 3720 8η).

290 3741 323 3825 1)
346 3741 374 3806 ai
389 3741 568 3828 Apaturius
590 3750 732 3809 actorem
752 3745 787 3809 in
810 3743 960 3829 pactione
983 3763 1057 3808 cum
1077 3741 1209 3809 Parme·

343 3854 442 3910 nonte
456 3837 603 3912 confecta
616 3845 770 3933 praedem
785 3845 908 3913 dictum
923 3866 994 3911 ease
1016 3844 1114 3928 dicat,
1135 3866 1211 3931 pro·

343 3947 512 4014 ferendum
538 3970 609 4015 ease
637 3950 735 4014 iatum
763 3948 912 4017 libellum
963 3950 993 4014 ei
1022 3950 1123 4030 enim,
1153 3950 1209 4033 qui

344 4050 564 4139 syngrapham
579 4052 707 4137 delent,
733 4053 830 4131 fidem
851 4051 1035 4118 habendam
1056 4073 1209 4119 nonense

344 4155 435 4240 (350.
456 4156 523 4244 36).

287 4258 326 4346 2)
341 4257 369 4323 si
385 4257 562 4329 Aristocles
584 4280 643 4349 pro
658 4258 841 4329 testimonio
865 4257 952 4324 dicat
974 4267 1116 4329 actorem
1129 4258 1208 4332 Pare
