2700 4658
566 245 778 310 ..32-

124 411 227 501 ιομις
250 415 284 505 §-
309 416 336 479 1.
359 414 397 479 ο.
420 413 622 503 [κακομ
648 428 680 481 a
702 416 912 506 [xxxiiii]
928 420 957 485 4.
981 416 1097 482 aetnae
1113 423 1216 480 orator

125 523 266 607 priorem
296 527 497 583 contractum
530 521 669 585 solutum
695 543 767 602 esse
788 522 980 587 testimoniis
1001 519 1121 608 probat
1141 517 1216 604 (12),

126 633 239 708 postea
261 633 370 687 autem
385 621 507 685 nullum
523 623 624 688 actori
640 646 712 687 cum
727 625 888 709 Aputurio
903 632 1105 688 contractum
1120 621 1216 684 fuisse

125 728 172 790 ita
203 725 419 800 demonstrat,
442 735 479 789 ut
500 727 630 791 omnino
654 726 733 790 nihil
755 729 784 791 ei
807 727 917 810 negoti
931 749 1012 791 eum
1034 725 1217 791 aduersario

126 829 225 894 fuisse
264 837 413 915 exponat.
466 841 566 914 negat
601 831 701 914 igitur
738 840 879 895 actorem
915 852 974 916 pro
1003 829 1217 893 Parmenonte

125 932 278 1019 praedem
307 931 429 995 factum
459 952 539 1000 esse.
591 935 679 1020 quod
712 955 785 997 cum
814 934 997 998 testimonio
1025 929 1217 1019 conprobari

49 1021 51 1025 ⁸
125 1036 236 1100 dicunt
257 1034 284 1102 I.
306 1033 514 1098 Hermannus
536 1057 609 1122 pag.
632 1038 652 1102 8
675 1045 709 1100 et
728 1041 768 1103 A.
784 1035 938 1102 Schaefer
959 1038 1026 1100 ima
1048 1057 1124 1122 pag.
1148 1031 1216 1110 298,

124 1140 267 1204 maximo
296 1139 330 1202 in
352 1158 460 1202 errore
484 1148 666 1206 uersentur.
716 1139 815 1204 immo
838 1139 985 1225 probatio
1007 1135 1216 1204 inartificialis

125 1242 214 1309 nulla
236 1252 298 1307 est:
320 1263 425 1326 neque
447 1243 531 1305 enim
547 1252 621 1329 post
634 1242 876 1328 paragraphum
892 1243 1217 1326 quintamdecimam,

125 1344 182 1410 ubi
196 1344 382 1431 Archippus
404 1367 464 1430 pro
481 1344 698 1410 Parmenonte
722 1345 934 1431 spopondisse
947 1356 1110 1427 narratur,
1125 1344 1216 1423 huius

124 1448 172 1512 rei
200 1448 419 1513 testimonium
445 1449 608 1534 profertur
639 1488 673 1498 -
708 1448 749 1512 cf.
775 1450 814 1513 16
843 1448 1114 1514 ΜΑΡΤΥΡΙΑΙ.
1166 1439 1218 1512 ὅτι

124 1552 185 1635 μὲν
213 1552 383 1628 ἐτέθησαν
413 1554 449 1616 αἱ
480 1551 652 1629 συνθῆκαι
680 1550 774 1636 παρὰ
791 1547 994 1639 Ἀριστοκλεῖ
1021 1555 1078 1616 καὶ
1109 1548 1218 1629 ἡέπι-

123 1647 230 1734 τροιιὴ
268 1658 394 1736 ἐγένετο
433 1654 597 1740 Φωκρίτῳ,
639 1655 696 1717 καὶ
730 1651 934 1736 Ἀριστοκλεῖ
967 1655 1023 1717 καὶ
1060 1654 1149 1738 ἐμοὶ,
1181 1651 1217 1715 oi

126 1747 282 1833 εἰδότες
310 1755 446 1819 ταῦτα
475 1747 769 1840 μεμαρτυρήκασιν
784 1754 879 1841 ’ὑμῖν
905 1772 948 1806 -’
970 1766 1003 1820 et
1026 1763 1103 1841 post
1125 1775 1216 1841 para·

126 1856 287 1943 graphum
311 1857 444 1922 alteram
467 1867 500 1922 et
520 1859 719 1938 uicesimam,
739 1858 795 1923 ubi
815 1854 989 1946 μάρτυρας
1012 1849 1219 1942 παρασχήσι·

31 1952 33 1954 ’
125 1961 216 2024 σθαι
237 1970 346 2025 orator
366 1960 544 2047 pollicetur,
566 1945 609 2035 uic
631 1958 691 2026 οὐκ
706 1954 899 2046 ἠγγυήσατο
921 1956 1024 2036 αὐτὸς
1047 1964 1111 2026 τὸν
1126 1960 1218 2042 Παρ-

124 2067 272 2146 μένοντα
293 2059 364 2128 ἀλλ’
381 2060 565 2151 ’Ἄρχιππος
580 2058 837 2149 Μυρρινούσιος,
859 2066 1079 2130 testimonium
1100 2062 1220 2126 frustra

125 2185 261 2249 quaeres
275 2168 309 2250 ¹).
360 2176 552 2248 argumenta
573 2176 697 2244 autem,
727 2165 844 2251 quibus
866 2175 975 2231 orator
994 2166 1114 2247 utitur,
1147 2172 1220 2229 sunt

125 2267 222 2332 haee:
245 2269 384 2354 primum
406 2266 535 2351 quidem
558 2269 585 2330 si
607 2277 697 2333 actor
718 2290 813 2355 praes
835 2278 929 2351 esset,
961 2271 1071 2334 statim
1095 2270 1219 2354 Apatu-

125 2370 210 2434 rium
239 2370 410 2455 pecuniam
440 2379 628 2434 exacturum
659 2370 758 2434 firisse
784 2392 843 2434 nec
865 2373 958 2436 tertio
982 2371 1115 2436 demum
1138 2391 1220 2434 anno

125 2483 208 2559 post,
231 2494 303 2537 cum
325 2476 515 2561 praesertim
538 2483 570 2538 et
588 2483 731 2557 egestate
752 2494 882 2559 pressus
905 2485 937 2538 et
952 2475 1056 2539 actori
1071 2475 1220 2538 inimicus

126 2574 240 2640 fuisset
261 2597 301 2639 ac
321 2574 375 2639 lex
397 2577 586 2663 sponsiones
608 2598 733 2640 annuas
755 2576 879 2642 iuberet
893 2600 973 2659 esse,
995 2577 1116 2642 deinde
1132 2574 1222 2640 addit

125 2689 266 2743 actorem
293 2678 530 2765 prohibiturum
553 2678 661 2758 fuisse,
685 2699 748 2762 quo
770 2681 876 2743 minus
897 2679 1086 2744 Parmenon
1108 2679 1222 2756 abiret,

125 2793 194 2846 tum
216 2781 296 2845 dicit
317 2781 453 2846 eundem
475 2782 523 2844 ita
543 2783 650 2866 potius
672 2801 707 2843 se
728 2779 935 2845 defensurum
949 2781 1062 2864 fuisse,
1085 2791 1124 2846 ut
1138 2780 1222 2853 arbi·

124 2885 221 2948 trium
237 2905 308 2947 esse
327 2891 434 2947 ratum
451 2894 593 2967 negaret,
614 2891 777 2967 postremo
792 2885 915 2967 regitat
929 2885 1072 2970 Apaturi
1088 2905 1221 2949 accusa·

124 2988 244 3052 tionem
266 2985 333 3051 ullo
355 2985 565 3050 fundamento
587 2985 657 3067 niti,
680 2984 756 3069 quia
776 2987 883 3072 pactio
906 2988 1028 3051 amissa
1052 2989 1106 3052 sit.

211 3100 246 3154 at
267 3099 376 3155 orator
398 3099 477 3152 cum
492 3089 579 3152 hunc
599 3088 633 3150 in
655 3086 787 3150 modum
810 3089 1033 3172 exceptionem
1056 3089 1224 3171 defendat,

124 3192 195 3278 ipse
217 3192 394 3257 concedere
415 3190 545 3278 uidetur
565 3191 788 3254 mercatoriam
802 3188 890 3253 litem
904 3193 1061 3276 permitti,
1086 3195 1116 3257 si
1130 3214 1224 3281 prae-

111 3294 200 3360 dem
227 3316 300 3359 esse
325 3303 468 3359 actorem
498 3293 754 3357 demonstratum
776 3291 826 3354 sit.
879 3302 913 3355 at
937 3313 1016 3357 uero
1031 3294 1121 3361 'hinc
1144 3294 1225 3361 nihil

124 3398 262 3462 efficitur
289 3399 352 3462 nisi
381 3397 460 3480 hoc,
494 3405 653 3461 oratorem
681 3393 836 3458 confisum
867 3413 938 3455 esse
967 3393 1066 3461 facile
1089 3398 1226 3486 probari

124 3521 220 3588 posse
240 3499 393 3586 praedem
414 3499 504 3563 illum
525 3519 590 3563 non
613 3517 684 3560 esse
705 3495 834 3559 factum.
885 3516 950 3559 non
972 3496 1118 3564 efficitur
1138 3511 1227 3566 certe

123 3603 214 3687 illud,
242 3603 329 3688 quod
351 3610 448 3666 antea
467 3597 716 3686 improbandum
736 3617 806 3662 esse
828 3597 1031 3682 putauimus:
1063 3624 1227 3689 paragra-

123 3706 213 3793 phen'
239 3706 359 3769 idcirco
390 3703 509 3768 factam
540 3725 627 3782 esse,
656 3699 743 3786 quod
772 3720 824 3762 res
850 3697 892 3761 ab
913 3699 1078 3783 Apaturio
1104 3706 1227 3772 allatae

123 3809 218 3874 fictae
248 3816 363 3872 essent.
415 3827 520 3892 neque
548 3825 626 3868 uero
651 3799 883 3888 uituperandus
904 3811 953 3863 est
975 3814 1105 3888 orator,
1138 3808 1228 3894 quod

123 3914 157 3974 in
190 3933 228 3976 eo
261 3908 463 3997 potissimum
493 3915 658 3988 uersatur,
687 3913 724 3967 ut
749 3912 897 3989 actorem¹
915 3924 974 3988 pro
997 3903 1228 3976 Permanonte

135 4183 138 4186 <
196 4153 224 4220 1)
240 4150 276 4205 cf.
290 4146 418 4204 Blassius
429 4164 496 4219 pag.
508 4146 569 4200 512.
587 4147 645 4196 not.
657 4141 682 4195 2.
718 4135 877 4192 accuratius
895 4135 949 4190 hac
966 4140 1002 4191 de
1021 4157 1055 4196 re
1070 4145 1153 4202 infra
1172 4148 1231 4201 dis.

123 4253 276 4292 seramus..
