2700 4658
656 253 869 316 ..12-

213 443 309 508 quem
330 421 662 488 maliuolentissimum
683 423 845 490 hominem
875 425 976 490 tuisse
1004 432 1075 489 tota
1101 424 1306 489 exoratione

215 523 333 610 elucet,
367 525 485 591 multas
514 526 718 594 difficultates
743 538 853 594 mouet
881 527 1136 615 necquicquam
1166 535 1305 615 praetor·

212 629 319 710 mittit
334 631 412 717 quin
428 638 569 695 actorem
582 631 687 698 irritet
696 632 730 722 ¹).
773 632 831 698 sed
853 631 953 697 nihilo
972 633 1079 695 minua
1100 630 1196 695 nauis
1211 630 1305 714 uenit,

213 733 307 798 naaia
320 734 346 820 ²)
368 733 517 822 inquam:
539 756 644 822 neque
666 738 752 804 anim
770 737 810 805 A
833 735 1008 804 Schaefero
1018 735 1045 822 ⁸)
1066 743 1099 799 et
1119 733 1273 800 Darestio
1280 735 1306 821 ⁴)

213 837 455 903 assentiendum
485 847 548 922 est,
584 840 640 926 qui
668 862 721 905 uu.
750 838 801 905 dd.
831 861 942 905 seruos
964 859 1037 903 oum
1063 858 1147 903 naue
1180 839 1306 905 uenisse

210 940 424 1008 affirmauere.
482 963 559 1007 nam
589 942 683 1007 nauis
721 950 755 1008 et
786 945 872 1008 serui
913 962 1041 1031 semper
1070 950 1224 1008 aoourate
1265 941 1305 1008 ab

213 1053 341 1110 oratore
369 1044 612 1131 distinguuntur
638 1049 681 1128 ἐξ
712 1045 741 1128 8,
772 1046 804 1126 9,
835 1046 885 1127 10,
915 1048 966 1129 11,
994 1045 1200 1133 paragrapho
1230 1045 1305 1113 duo·

213 1146 339 1215 decima
351 1135 470 1214 'autem
484 1171 549 1214 non
572 1149 680 1234 agitur
696 1149 761 1213 uisi
775 1148 817 1214 do
838 1171 945 1214 naue
965 1149 1105 1215 uendite
1149 1148 1213 1215 hao
1228 1171 1305 1216 noro

211 1252 246 1316 in
274 1253 482 1340 paragrapho
510 1254 604 1319 nauis
632 1251 793 1319 uooaholo
825 1275 944 1318 nauem
973 1272 1046 1316 oum
1076 1253 1179 1318 seruis
1209 1254 1306 1338 signi-

210 1355 340 1421 ficatam
373 1377 446 1421 esse
475 1379 514 1423 eo
543 1357 650 1422 minus
681 1355 932 1422 existimandum
964 1364 1030 1436 est,
1064 1355 1150 1442 quod
1181 1356 1306 1422 decima

210 1460 417 1547 paragrapho
434 1459 573 1527 dilucide
594 1462 717 1527 dietum
740 1470 791 1526 est
805 1468 948 1525 actorem
962 1459 1066 1524 seruis
1082 1460 1221 1545 potitum
1236 1482 1306 1526 ease

210 1559 255 1629 ἵν’
281 1565 383 1640 εἴτις
404 1565 513 1631 ἔνδεια
539 1567 704 1651 γίγνοιτο,
735 1557 781 1632 τὰ
801 1565 997 1630 ἐλλείποντα
1018 1567 1053 1627 tn
1079 1561 1148 1628 τῶν
1176 1563 1307 1630 παίδων

209 1664 266 1746 εἴη.
310 1667 397 1754 quod
427 1669 455 1733 ai
485 1668 622 1734 XXXX
650 1669 747 1733 minis
775 1667 909 1732 uenihat
941 1667 1051 1749 nauis,
1083 1664 1162 1753 quid
1193 1688 1305 1733 seruos

209 1769 350 1835 uendere
381 1790 463 1859 opus
491 1769 588 1834 erat?
621 1792 705 1837 naue
731 1772 831 1856 igitur
859 1768 993 1835 uendite
1021 1778 1054 1835 et
1075 1766 1179 1834 XXX
1209 1769 1304 1834 minis

209 1872 404 1940 Heraolidae
418 1871 640 1958 oreditoribus,
663 1876 695 1940 X
712 1883 820 1940 autem
834 1872 931 1938 minis
945 1872 1155 1939 Parmenonti
1168 1872 1304 1938 redditis

208 1978 415 2066 syngraphae
444 1975 553 2042 multis
590 1977 727 2044 testibus
755 1977 982 2067 praesentibus
1019 1975 1166 2042 delentur
1200 1998 1303 2064 nequo

207 2081 380 2168 quiequam
408 2082 474 2146 iam
504 2081 643 2168 amplius
672 2083 756 2147 inter
786 2102 821 2146 se
850 2102 922 2146 esse
950 2081 1061 2165 negoti
1090 2087 1123 2144 et
1153 2088 1243 2145 actor
1273 2087 1302 2146 et

206 2183 385 2270 Apaturius
406 2184 604 2272 profitentur.

291 2288 357 2352 iam
379 2310 457 2354 uero
467 2289 493 2376 5)
507 2288 692 2354 Parmenon
707 2286 867 2376 Apaturio
889 2285 977 2351 litem
998 2284 1146 2367 intendit,
1167 2293 1201 2351 et
1215 2285 1301 2372 quod

206 2389 396 2458 uerberibus
419 2392 461 2458 ab
484 2415 522 2457 eo
546 2392 679 2457 affectus
701 2399 785 2471 erat,
815 2412 889 2455 oum
918 2412 991 2456 eum
1015 2387 1215 2475 prohiberet,
1238 2410 1300 2474 quo

204 2497 311 2561 minus
342 2518 453 2562 seruos
483 2494 719 2561 abduceret-
744 2494 787 2559 ad
817 2501 942 2560 tantam
971 2492 1207 2581 impudentiam
1228 2515 1300 2581 pro·

204 2608 347 2665 cesserat
368 2600 463 2665 homo
484 2601 547 2664 iste
561 2598 877 2666 maliuolentissimus
899 2635 942 2685 -.
963 2607 996 2662 et
1017 2595 1103 2684 quod
1128 2595 1169 2661 ab
1193 2617 1231 2663 eo
1253 2598 1300 2661 iu·

203 2702 332 2789 peditus
341 2712 420 2786 erat,
432 2725 473 2767 ne
482 2703 517 2767 in
526 2701 668 2769 Siciliam
676 2702 943 2789 proficisceretur.
966 2698 1298 2788 quodA.Sohaefer³)

204 2805 282 2871 dicit
303 2806 552 2871 Parmenontem
582 2805 662 2892 ipsis
691 2802 880 2870 uerberibus
911 2801 953 2867 ab
976 2803 1135 2891 Apaturio
1162 2804 1298 2888 ingestis

202 2908 249 2973 ita
280 2908 498 2974 conflictatum
529 2930 616 2987 esse,
645 2917 681 2972 ut
714 2909 776 2972 iter
809 2907 1011 2994 propositum
1041 2905 1204 2993 suscipere
1232 2929 1298 2972 non

202 3020 319 3098 posset,
341 3010 437 3097 plane
453 3009 692 3076 assentiendum
707 3018 765 3079 est
795 3032 898 3097 noque
922 3011 1007 3076 enim
1020 3009 1087 3075 ulla
1101 3009 1166 3074 alia
1180 3031 1297 3076 caussa

200 3113 378 3200 probabilis
407 3114 546 3180 inueniri
574 3121 697 3201 potest,
728 3135 786 3177 our
813 3114 855 3178 sit
883 3113 1065 3199 impeditus.
1110 3134 1191 3177 oaue
1218 3135 1296 3180 uero

199 3239 241 3283 ne
269 3216 347 3282 illud
377 3216 437 3281 tibi
466 3216 682 3304 persuadeas,
718 3215 960 3282 difficultatibus
991 3214 1070 3296 illis,
1100 3237 1182 3301 quas
1212 3238 1296 3281 naue

199 3328 357 3408 occupata
379 3318 422 3386 ab
436 3319 597 3408 Apaturio
619 3329 725 3386 motas
744 3341 815 3386 esse
837 3319 985 3400 uidimus,
1007 3339 1081 3382 eum
1096 3318 1294 3386 retardatum

268 3561 295 3626 l)
312 3557 409 3613 πόντα
433 3555 463 3612 dd
490 3559 609 3625 ποιήσας
635 3565 683 3613 καὶ
707 3560 745 3616 εἰς
773 3566 870 3613 πᾶσαν
897 3558 1055 3625 ἀπέχθειαν
1076 3557 1169 3627 τούτῳ
1198 3558 1294 3615 struo

195 3641 297 3714 μόλις
315 3644 467 3717 εἰσέπραξα
484 3642 518 3700 sd
537 3647 682 3717 dpyvipm.

265 3733 294 3802 2)
313 3731 349 3787 ef.
365 3731 490 3786 Boeekhi
509 3749 604 3787 oecon.
624 3732 698 3787 oiuil.
719 3731 740 3785 1.
759 3747 824 3803 pag.
845 3732 903 3787 156.

264 3818 297 3972 dd
310 3819 458 3976 5:212?AE
475 3904 517 3960 les
529 3904 714 3975 liquidateure
734 3904 770 3959 de
783 3903 813 3957 la
829 3903 942 3974 heuque
961 3904 1024 3959 font
1036 3904 1140 3959 vendre
1152 3905 1182 3959 la
1194 3906 1290 3960 navire

195 3995 224 4046 et
241 3991 410 4064 t'dquipage,
430 3991 477 4047 oh·
488 4007 554 4064 pag.
572 3993 624 4046 214
648 3997 705 4046 not.
725 3993 750 4047 6.
787 4007 834 4045 ees
852 3990 978 4045 esclaves
996 3991 1103 4046 etaient
1121 4007 1187 4046 sans
1207 3992 1291 4047 doute

193 4077 354 4150 l'equipaga
373 4079 411 4133 du
427 4078 525 4132 uavire
544 4078 750 4149 d’Apatourios.

261 4166 289 4228 5)
308 4164 343 4219 of.
363 4168 379 4235 ᾗ
398 4165 442 4219 13.

264 4252 291 4323 6)
309 4268 374 4330 pag.
391 4253 445 4307 298
462 4267 561 4307 summ.
