2700 4658
564 185 690 248 ...22
738 225 768 233 ..

125 380 159 422 se
189 356 361 421 defendere
391 363 424 420 et
454 356 607 420 ultionem
638 352 680 418 ab
703 353 890 418 aduersario
913 361 1059 442 repetere
1081 361 1214 439 poterat,

122 483 208 541 cum,
238 461 266 524 si
296 457 488 546 antigraphe
517 458 730 537 abstinuerat,
765 456 892 521 duabus
924 456 1105 520 actionibus
1136 477 1214 542 opus

125 574 218 646 esset,
241 572 279 627 ut
300 563 407 648 priore
429 561 555 626 actione
579 561 621 626 ab
644 560 848 627 accusatione
872 582 905 624 se
928 558 1130 639 defenderet,
1161 560 1214 624 ad-

124 669 304 733 uersarium
318 665 510 729 iniuriarum
519 664 836 750 accusaretaltera1).
870 662 965 728 huius
973 665 1216 748 autemgeneris

125 771 291 858 proprium
306 768 405 832 fuisse
420 768 568 833 existimo
584 789 701 834 nomen
716 762 937 852 ἀντιγραφῆς,
961 776 1074 854 postea
1089 767 1216 847 demum

125 873 213 939 idem
242 893 359 936 nomen
384 872 487 935 cuiuis
518 873 637 936 actioni
665 879 780 936 contra
800 869 942 935 intentae
955 870 981 956 2)
1004 873 1123 936 sensim
1149 894 1217 937 esse

123 977 261 1042 inditum
282 972 419 1038 uidetur.

210 1100 293 1165 quae
316 1079 343 1141 si
373 1085 459 1142 recte
482 1100 502 1141 a
523 1099 575 1140 me
596 1078 746 1163 exposita
776 1085 865 1158 sunt,
895 1086 926 1140 et
947 1075 1088 1141 Pollucis
1111 1077 1217 1155 uerba,

125 1205 222 1270 quem
245 1181 491 1266 grammaticum
512 1201 620 1244 rerum
650 1179 846 1244 iudicialium
870 1180 1097 1265 peritissimum
1121 1180 1218 1244 fuisso

125 1295 267 1367 constat,
297 1292 330 1349 et
352 1284 499 1369 exempla
521 1281 745 1368 antigraphes,
773 1304 856 1369 quae
883 1285 917 1347 in
941 1282 1141 1349 orationibus
1164 1305 1216 1347 ex-

125 1398 221 1471 stant,
239 1387 380 1475 quodam
395 1387 490 1451 modo
507 1386 671 1451 conciliari
684 1395 830 1472 possunt.
873 1386 990 1453 Pollux
1004 1408 1093 1469 uero,
1108 1408 1216 1472 quam·

125 1516 222 1580 quam
244 1491 284 1556 de
306 1490 499 1577 antigraphe
522 1491 653 1577 propria
675 1490 836 1574 cogitauit,
862 1500 970 1555 tamen
993 1490 1217 1555 nimislaxam

125 1595 220 1662 huius
253 1590 460 1680 ἀντιγραφῆς
491 1593 707 1658 definitionem
737 1595 917 1679 proposuit,
950 1616 1033 1681 quac
1061 1595 1158 1657 etiam
1187 1592 1216 1655 in

126 1700 259 1765 alterum
272 1696 552 1782 antigrapharum
573 1717 676 1781 genus
698 1695 882 1783 quadraret.
1038 1694 1040 1704 ’

209 1803 276 1866 iam
290 1822 366 1865 uero
390 1800 432 1864 ad
447 1799 588 1885 Apaturi
606 1821 755 1864 caussam
769 1799 938 1864 redeamus
962 1811 994 1864 et
1016 1822 1219 1887 quaeramus,

92 1931 94 1933 ¹
127 1928 224 1994 quam
253 1904 455 1992 potissimum
486 1904 644 1968 actionem
672 1903 851 1988 Apaturius
878 1903 1088 1968 Parmenonti
1118 1905 1218 1969 inten-

128 2011 218 2076 derit.
270 2008 410 2093 Apaturi
438 2027 585 2071 caussam
616 2028 689 2070 cum
714 2006 940 2071 Parmenontis
970 2007 1062 2092 quasi
1093 2007 1246 2094 copula?

129 2115 248 2178 tionem
271 2114 434 2197 quandam
449 2108 602 2174 habuisse
623 2131 665 2173 ex
687 2132 724 2174 eo
746 2108 950 2193 intellegitur,
973 2109 1059 2195 quod
1082 2110 1126 2175 ad
1148 2132 1219 2175 con·

53 2285 55 2289 ,
127 2216 319 2303 promissum
339 2220 452 2298 postea
473 2233 526 2276 res
542 2210 720 2278 adducitur.
758 2213 922 2278 Arnoldus
943 2214 1042 2297 igitur
1057 2211 1219 2295 Schaefer,

128 2322 183 2407 qui
214 2312 428 2402 antigraphen
457 2316 614 2380 intentam
647 2337 717 2380 esse
746 2337 810 2380 non
842 2316 911 2380 sine
941 2316 1086 2381 ueritatis
1117 2318 1220 2404 specie

130 2421 277 2501 dicitde
299 2419 426 2484 actions
446 2413 578 2503 βλάβης
601 2419 763 2504 cogitauit.
808 2421 897 2505 atqui
919 2419 1005 2505 quod
1028 2420 1133 2484 addit:
1166 2420 1233 2485 da··

128 2547 232 2611 gagen
262 2523 370 2607 bringt
401 2522 577 2609 Apaturius
607 2522 691 2587 auch
720 2524 904 2587 scincrseits
935 2523 1006 2588 eine
1032 2522 1132 2608 klage
1162 2525 1219 2601 ein,

129 2627 318 2694 vermutlich
334 2628 404 2690 eins
418 2624 624 2710 gegenklage
639 2621 870 2714 (ἀντιγραφή),
893 2627 942 2690 da
965 2627 1026 2690 sie
1049 2627 1122 2692 das
1145 2649 1219 2693 von

129 2733 360 2796 Parmenon
390 2727 666 2813 eingeleitete
695 2729 927 2794 verfahren
957 2730 1219 2817 suspendirt:

129 2833 336 2900 uehementer
366 2832 514 2918 equidem
535 2832 633 2896 miror
660 2831 745 2896 unde
768 2834 818 2896 uir
843 2832 896 2897 ille
916 2832 1029 2898 doctus
1057 2835 1219 2918 cognitum

128 2936 250 3002 habeat
271 2935 405 3000 dilatam
427 2957 498 3000 esse
517 2934 743 3001 Parmenontis
767 2937 932 3002 actionem.
977 2937 1113 3001 oratoris
1136 2937 1219 3001 enim

128 3039 229 3105 uerba
252 3046 326 3103 sunt
347 3037 443 3103 haec:
477 3036 519 3112 ὡς
550 3039 623 3127 δίκῃ
652 3033 760 3104 λύσων
782 3031 844 3104 τὸν
865 3039 965 3124 ὅρκον
986 3041 1221 3122 προσκαλεῖται

129 3136 191 3208 τὸν
209 3142 448 3225 Παρμένοντα·
470 3142 756 3219 ἐνεστηκυιῶν
778 3138 807 3206 δ’
834 3137 982 3217 αὐτοῖς
999 3142 1076 3206 τῶν
1099 3142 1221 3207 δικῶν

200 3401 227 3468 1)
244 3397 280 3453 cf.
291 3397 417 3452 Platner.
426 3396 459 3450 ll.
469 3413 533 3468 pag.
546 3398 611 3452 200:
625 3397 720 3452 ferner
730 3415 788 3452 war
802 3414 831 3452 es
843 3398 998 3470 grundsata
1012 3398 1062 3451 des
1076 3398 1220 3452 Attischen

131 3487 237 3550 rechts,
266 3485 331 3538 dass
356 3485 416 3539 der
439 3483 569 3553 klitger
587 3483 641 3538 als
663 3484 805 3540 solcher
829 3484 932 3539 nicht
949 3501 1067 3557 wegen
1086 3486 1149 3539 der
1166 3501 1221 3538 an·

130 3570 421 3640 schuldigungcn
441 3571 502 3625 dea
520 3570 715 3640 beklagten
737 3589 796 3625 aur
815 3570 936 3642 ,strate
955 3586 1120 3643 geaogen
1139 3588 1221 3626 wer·

129 3659 192 3712 den
211 3659 348 3712 konnte.

197 3745 226 3814 2)
243 3759 308 3797 nam
322 3742 466 3813 [XXXX]
482 3743 506 3796 3.
535 3742 727 3811 ἀντειλήγααι
739 3746 861 3814 positum
874 3750 928 3800 est:
941 3762 998 3814 qua
1009 3761 1041 3799 re
1054 3745 1153 3814 negari
1167 3761 1222 3799 non

130 3836 225 3901 potest
242 3830 283 3884 illi
303 3845 416 3902 quoque
433 3829 530 3900 generi
548 3846 711 3885 caussarum
733 3847 835 3886 nomen
853 3831 1034 3902 antigrapheo
1062 3831 1221 3902 impositum

129 3918 223 3972 fuisse.
259 3935 312 3972 nec
330 3920 372 3971 est
389 3915 489 3970 mirum
512 3932 614 3973 nomen
633 3918 804 3990 ἀντιγραφῆς
821 3917 905 3971 latius
922 3917 1094 3974 manauisse:
1122 3932 1223 3971 nama

131 4004 221 4075 Lysia
238 4004 267 4060 in
281 4020 320 4060 or.
332 4002 428 4058 XXIII
442 4002 526 4058 etiam
538 4005 718 4075 paragrapho
730 4003 912 4075 antigrapheo
930 4005 1041 4058 nomine
1055 4004 1221 4074 appellatur.

128 4091 166 4147 cf.
187 4089 254 4160 lays.
269 4090 374 4146 XXIII.
389 4093 422 4145 10
439 4097 486 4154 τῆς
503 4111 535 4144 τι
553 4088 770 4163 ἀντιγραφῆς
788 4095 868 4144 ἕνεκα
878 4097 995 4156 ταυτησί
1011 4091 1046 4146 cl.
1059 4089 1078 4164 ξ
1091 4092 1117 4148 b.
1136 4091 1221 4154 αὐτὴν

128 4176 192 4248 (τὴν
211 4174 304 4249 δίκην)
323 4176 571 4248 ἀντεγράψατο
590 4177 634 4245 μὴ
655 4177 898 4249 εἰσαγώγιμον
917 4176 1021 4231 εἶναι.
