2700 4658
502 255 709 319 ...11-

57 422 235 488 admodum
256 445 387 489 seueras
409 423 510 490 fuisse
532 431 660 493 constat
669 425 703 511 1),
736 426 946 493 constitutum
966 423 1085 510 fuisse,
1116 434 1152 492 ut

56 527 186 613 pignus,
210 528 237 592 si
259 527 384 594 debitor
406 530 587 616 pactionem
608 528 761 611 laesisset,
793 529 961 595 confestim
983 529 1151 598 creditoris

57 638 152 696 esset.
649 646 651 650 ’

144 733 225 798 haec
237 733 277 799 de
288 737 486 823 argumentis
495 720 755 823 syngraphamm
765 737 930 804 monuisse
941 737 1020 803 satis
1030 735 1152 802 habeo:

55 838 124 903 iam
154 860 231 903 uero
261 860 313 904 res
344 848 454 924 gestas
485 840 580 907 sicuti
612 840 776 926 coepimus
804 863 938 907 narrare
970 855 1152 929 pergamus.

57 939 178 1006 accidit
189 941 225 1028 2),
247 951 283 1006 ut
297 942 491 1008 Heraclidae
506 944 691 1027 argentaria
706 943 943 1025 dissolueretur‚
958 945 1027 1031 ipse
1044 953 1152 1009 autem

48 1043 250 1110 Heraclides
280 1045 474 1112 creditorum
509 1046 617 1112 odium
649 1056 796 1113 metuens
804 1048 830 1135 ³)
864 1070 898 1113 se
931 1047 1153 1115 absconderet.

56 1147 122 1213 hac
137 1151 377 1236 opportunitate
397 1172 475 1215 usus
490 1151 669 1238 Apaturius
685 1173 801 1218 nauem
817 1160 850 1217 et
871 1174 983 1217 seruos
1002 1173 1043 1215 ex
1057 1159 1153 1236 portu

56 1251 197 1317 educere
213 1262 355 1319 conatur.
400 1254 487 1341 quod
500 1253 557 1319 ubi
579 1254 675 1319 sentit
690 1253 883 1336 Parmenon‚
904 1278 978 1322 eum
997 1253 1153 1339 aufugere

56 1354 212 1444 prohibet
233 1366 265 1422 et
287 1364 429 1423 actorem
446 1358 596 1442 :accersit
639 1359 700 1439 hic,
721 1367 758 1423 ut
780 1359 952 1446 sponsione
974 1379 1008 1423 se
1030 1356 1153 1438 liberet,

25 1448 27 1453 ⁴
58 1459 256 1525 Heraclidae
285 1460 497 1526 creditoribus
526 1483 644 1526 nauem
654 1461 680 1548 ⁴)
703 1462 819 1548 tradit,
848 1463 895 1528 ita
924 1471 1032 1526 tamen
1061 1466 1098 1524 ut
1118 1459 1153 1524 X

58 1563 286 1629 Parmenontis
307 1566 414 1630 minas
443 1567 477 1630 in
499 1587 538 1630 ea
560 1587 631 1631 esse
660 1565 832 1633 collocatas
858 1572 1018 1646 moneret,
1050 1563 1154 1629 semis

59 1674 173 1732 antem
211 1666 347 1753 hospitis
385 1669 434 1732 sui
472 1669 640 1735 commodo
676 1669 875 1755 prospiciens
915 1667 1037 1756 potitur
1072 1666 1153 1754 ipse.

59 1779 203 1837 ceterum
223 1771 310 1857 quod
333 1792 528 1859 quamquam
544 1794 655 1839 seruos
678 1772 740 1838 sibi
760 1771 911 1851 uindicat,
933 1769 1032 1837 nihilo
1048 1770 1153 1834 minus

58 1874 275 1940 creditoribus
298 1875 375 1940 dicit
389 1875 599 1942 Parmenonti
621 1897 748 1963 quoque
767 1897 885 1941 nauem
907 1874 1153 1963 oppigneratam

58 2001 143 2058 esse
155 1977 217 2043 hoc
231 1977 284 2043 uel
297 1977 449 2043 facillime
465 1980 512 2044 sic
530 1979 684 2067 explicari
698 1988 813 2066 potest,
826 1987 861 2043 ut
875 1979 1021 2044 dicamus
1036 1998 1154 2042 nauem

58 2080 101 2147 ab
125 2090 234 2147 actore
259 2080 331 2166 plus
353 2081 455 2147 XXX
485 2091 519 2147 et
538 2085 645 2148 minus
667 2081 804 2147 XXXX
832 2082 928 2151 minis
950 2081 1154 2148 aestimatam

58 2185 178 2272 esse5).

147 2311 187 2354 ea
217 2310 300 2375 quae
329 2297 482 2355 secuntur
510 2297 618 2355 orator
646 2290 760 2376 paucis
790 2279 922 2358 indicat.
965 2289 1153 2378 Apaturius,

58 2442 266 2450 —--.—...--.-

129 2513 159 2582 1)
179 2511 215 2567 cf.
235 2513 337 2588 [Dm]
357 2513 568 2570 XXX1111.51.
612 2515 641 2568 οἱ
657 2514 711 2586 γὰρ
730 2513 861 2584 εὐπορίαι
883 2518 942 2570 τοῖς
963 2517 1156 2587 ἐργαζομένοις

59 2601 109 2657 οὐκ
128 2601 188 2658 alred
207 2607 267 2660 τῶν
286 2597 494 2669 δανειζομένων
512 2598 575 2656 dtl’
591 2601 647 2655 ὑπὸ
666 2607 723 2655 τῶν
744 2599 936 2666 δανειζόντων
954 2601 1008 2654 εἰσὶ
1026 2606 1074 2653 καὶ
1091 2601 1156 2655 οὔτε

59 2696 130 2745 νοιῦν
150 2689 217 2743 οὔτε
234 2685 390 2756 ναύκληρον
409 2689 472 2743 οὔτ’
491 2688 632 2756 ἐπιβάτην
650 2689 712 2742 ἔστ’
731 2686 906 2755 α’ναχθῆναι,
935 2689 1045 2742 αὐτῶν
1064 2684 1157 2742 δανει-

61 2776 172 2843 ζόντων
184 2783 266 2846 μέρος
278 2775 315 2829 ἂν
329 2774 478 2849 οἰφαιρῆτε·
497 2780 532 2828 ἐν
549 2780 614 2843 μὲν
633 2769 696 2829 οὖν
713 2782 787 2832 τοῖς
805 2776 929 2844 νόμοις
949 2773 1077 2830 πολλοὶ
1095 2779 1154 2827 καί

59 2863 165 2940 καλαί
183 2863 359 2931 βοίθειαί
377 2864 468 2917 εἰσιν
486 2865 603 2920 αὐτοῖς
622 2867 651 2918 et
668 2881 694 2932 q.
714 2881 736 2918 s.

75 2950 374 3021 *Dffiffifflffl

130 3039 160 3110 3)
178 3037 370 3094 Thonissenus
392 3036 421 3090 in
446 3037 519 3092 libro
547 3037 595 3106 qui
619 3036 783 3092 inscribitur
803 3035 831 3091 le
857 3036 931 3091 droit
959 3034 1044 3107 penul
1069 3036 1105 3091 de
1127 3037 1156 3090 la

58 3125 230 3198 republique
248 3122 439 3192 Athenienne‚
468 3124 607 3178 Bruxellis
631 3129 659 3178 et
685 3124 800 3178 Parisiis
823 3124 905 3190 1875,
930 3139 997 3195 pag.
1015 3124 1067 3180 402
1085 3123 1158 3178 haec

61 3214 146 3268 dicit:
165 3229 202 3267 on
220 3216 289 3283 peut
307 3211 381 3265 donc
395 3227 532 3283 supposer
544 3211 614 3284 qu'il
630 3211 739 3268 voulait
750 3210 938 3282 (Heraclides)
956 3226 986 3265 se
1005 3208 1157 3266 soustraire

59 3301 78 3357 is
88 3298 241 3369 despeines
249 3297 375 3370 quincue
386 3304 449 3352 sont
457 3297 621 3371 domeurees
630 3298 834 3354 inconnuescf.
842 3296 1156 3372 [Dem.]XXXXVHII.

60 3389 104 3445 68.
140 3383 228 3448 ἡδέως
246 3382 273 3438 δ’
292 3385 329 3438 ἂν
347 3389 432 3458 ἔγωγε
454 3390 601 3457 πυθοίμην
618 3385 711 3453 ὑμῶν,
743 3388 767 3438 ai
786 3383 935 3458 ὀργίζεσθε
953 3392 1011 3441 τοῖς
1031 3383 1158 3441 docensv-
1217 3417 1219 3421 ·

62 3479 195 3545 ασμένοιτ
212 3479 272 3526 τῶν
289 3475 482 3545 τραπεζιτῶν·
505 3473 530 3525 εἰ
553 3469 608 3545 γοῖρ
633 3472 798 3546 ὀργίζοισθε
817 3469 933 3529 δικαίως
951 3471 995 3526 δτι
1013 3469 1159 3527 ἀδικοῦσιν

51 3563 141 3631 ιίμᾶτ,
163 3565 223 3616 πῶς
241 3561 291 3616 οὐκ
311 3557 383 3616 εἰκός
400 3564 460 3613 ἔστι
477 3562 602 3627 βοηθεῖν
619 3567 678 3618 τοῖς
694 3557 783 3629 μηδὲν
812 3557 955 3618 ’deuotione

131 3649 159 3719 4)
177 3652 258 3702 actor
276 3646 390 3717 quidem
408 3647 477 3702 dicit
493 3648 526 3701 τὸ
545 3650 675 3718 ἐνέχυρον
686 3681 712 3689 -
733 3646 988 3714 immoderatione
1008 3647 1157 3702 dicendum

63 3741 128 3792 erat
152 3732 190 3789 cf.
213 3734 310 3790 Meier.
333 3739 362 3788 et
384 3734 510 3790 Schoem.
533 3734 585 3789 litt.
612 3736 670 3790 Att.
694 3751 759 3806 pag.
782 3735 835 3790 505
858 3765 891 3776 -
918 3734 1104 3790 creditoribus
1127 3750 1157 3788 se

60 3820 227 3876 tradidisse:
256 3823 305 3874 sed
324 3836 496 3893 quamquam
514 3821 589 3875 serui
611 3838 723 3894 quoque
746 3821 924 3892 oppignerati
942 3827 1036 3888 erant,
1063 3827 1157 3876 temen

60 3926 120 3965 non
138 3907 248 3980 cogitat
264 3906 320 3962 nisi
332 3907 367 3962 de
385 3923 468 3975 naue,
486 3907 516 3962 id
534 3909 610 3980 quod
629 3908 851 3964 luculentissime
862 3925 897 3963 ex
915 3909 1011 3964 uerbis
1023 3907 1157 3980 proximis

59 3996 168 4051 elucett
185 3992 337 4066 παρέδωκα
349 3996 382 4050 τὸ
395 4000 522 4065 ἐνέχυρον
534 3995 627 4068 inquit
640 3997 730 4050 εῐπιδν
743 3999 843 4054 αὐτοῖς,
865 3995 911 4050 ὅτι
929 4003 941 4049 ί
952 4001 1023 4064 μναῖ
1033 4001 1159 4062 ἐνείησαν

59 4081 187 4152 τῷξένφ
201 4085 286 4155 ίντῇ
300 4087 367 4149 νηί·
385 4088 498 4136 ταῦτα
511 4080 1011 4155 δὲπριίξατκατηγγύηοατοῦι
1024 4081 1157 4144 παῖδας.

132 4169 222 4236 5)10.
258 4169 433 4241 κατηγγύησα
452 4170 515 4227 τούς
534 4167 654 4240 παῖδας,
681 4170 720 4224 ἵν’
746 4172 829 4228 εἴτις
846 4168 940 4228 ἔνδεια
956 4176 1095 4244 γίγνοιτο,
1122 4174 1158 4229 τοὶ

58 4256 229 4310 ἐλλείποντα
247 4259 277 4308 ἐκ
294 4261 354 4309 τῶν
372 4252 485 4310 παίδων
504 4257 554 4323 εἴη.
