2700 4658
517 268 728 332 ,45-

336 437 370 523 1)
391 444 543 515 actorem,
566 436 594 501 si
614 457 710 524 praes
731 444 825 517 esset,

393 539 642 604 Parmenontem
653 537 791 603 Athenis
808 537 898 603 abire
920 559 1090 624 passurum
1105 561 1171 604 non

392 642 492 708 fuisse
515 640 595 727 (28),

336 745 370 830 2)
392 744 546 834 praedem
569 765 604 810 se
626 764 784 810 essenon
797 751 989 826 negaturum
1011 764 1090 823 esse,
1114 743 1171 808 sed

393 850 440 913 ita
453 870 487 912 se
501 846 717 928 defensurum,
741 855 777 911 ut
792 845 959 912 arbitrium
976 855 1083 911 ratum
1100 867 1170 911 esse
1223 853 1225 856 ’

396 952 559 1037 negitaret
580 950 658 1038 (29).

335 1055 371 1140 3)
393 1054 546 1119 amissam
568 1076 640 1120 esse
662 1055 854 1141 pactionem,
883 1074 925 1117 ex
947 1072 1012 1138 qua
1033 1053 1172 1138 pecunia

393 1157 551 1242 exigatur,
573 1179 633 1224 nec
654 1162 813 1238 constare,
835 1155 975 1242 quaein
997 1176 1037 1221 ea
1053 1157 1172 1242 scripta

389 1259 508 1325 fuerint
530 1259 610 1347 (30).

121 1359 192 1446 ΒΒ)
214 1419 217 1424 .
237 1381 487 1432 ΠΑΡΑΛΕῙΓΜΑ
504 1378 714 1449 (nxnnrnvn)
738 1360 904 1447 (tr-34).

339 1467 371 1554 1)
394 1467 549 1532 Aristoeli
569 1465 666 1531 fidem
689 1463 873 1530 habendam
895 1484 959 1528 non
982 1484 1065 1546 esse,
1095 1464 1172 1550 quia

392 1591 434 1634 ex
456 1569 570 1635 eadem
588 1568 752 1656 pactione,
775 1587 872 1654 quam
893 1565 1078 1647 delenisset,
1101 1589 1171 1632 sen·

387 1675 521 1739 tentiam
544 1672 691 1755 edixerit,
713 1671 812 1759 idque
833 1672 902 1736 sine
924 1669 1072 1756 collegis,
1099 1691 1172 1735 cum

386 1776 569 1845 Parmenon
581 1777 677 1842 unius
692 1796 728 1841 se
743 1773 858 1840 arbitri
871 1775 1054 1860 cognitione
1069 1775 1172 1840 teneri

385 1881 573 1965 negauisset
593 1879 672 1966 (31).

330 1982 365 2067 2)
387 2003 484 2069 quam
514 1981 556 2048 ob
585 2003 736 2047 caussam
758 1981 1024 2064 Parmenontem,
1053 1982 1082 2046 si
1103 1981 1173 2047 eius

384 2107 471 2150 nunc
498 2106 617 2150 caussa
647 2093 811 2169 ageretur,
839 2084 1074 2151 absoluendum
1102 2107 1173 2151 esse

384 2189 450 2274 (32.
473 2190 572 2275 era),
603 2188 794 2276 praesertim
821 2209 896 2253 eum
924 2188 1067 2255 familiae
1087 2188 1176 2254 cula-2

382 2292 495 2358 mitate
508 2291 638 2357 domum
657 2290 819 2357 abductus
834 2299 919 2356 esset
941 2290 997 2378 (33
1005 2290 1051 2378 b),
1072 2313 1172 2378 quam

384 2393 514 2480 quidem
549 2417 618 2461 rem
654 2395 757 2461 solam
791 2395 912 2460 iustum
950 2394 1171 2461 aduersarium

382 2505 613 2563 commoturum
635 2497 753 2579 fnisse,
782 2506 819 2562 ut
840 2496 1009 2563 arbitrium
1030 2498 1065 2562 in
1086 2496 1171 2562 illius

380 2600 519 2667 reditum
540 2599 684 2665 differret
706 2599 816 2687 (era).

329 2705 364 2790 3)
380 2712 500 2791 quanto
522 2702 621 2788 igitur
641 2703 747 2788 magis
770 2712 911 2774 actorem
936 2701 1172 2769 absoluendum
1263 2738 1265 2742 Α

378 2829 465 2888 esse,
498 2809 550 2872 oui
587 2806 711 2872 nullum
747 2807 789 2871 'sit
822 2827 896 2871 eum
927 2807 1086 2895 Apaturio
1114 2826 1170 2869 ne-

378 2910 502 2995 gotium
525 2910 639 2996 (orb).

107 3011 135 3081 Ι.
178 3033 407 3085 ΜΕΤΑΒΑΣΙΣ
423 3031 625 3102 (musmo)
653 3037 674 3081 a
698 3014 941 3081 confirmatione
970 3011 1012 3077 ad
1050 3011 1171 3079 refuta·

107 3137 195 3181 >nem
216 3116 385 3183 aduersari
406 3116 531 3204 (reah).

286 3229 400 3287 contra
428 3219 516 3306 leges
550 3219 591 3286 ab
621 3219 781 3306 Apaturio
812 3227 954 3284 actorem
983 3227 1170 3286 accusatum

286 3345 358 3400 esse
383 3323 637 3392 demonstratum
668 3343 747 3390 esse.
792 3322 850 3387 sed
871 3323 1067 3408 Apaturium
1095 3345 1170 3409 syu-

286 3427 446 3514 grapham
468 3427 529 3496 sibi
549 3449 621 3494 esse
642 3427 749 3496 dicere
771 3447 845 3507 non⁸
858 3447 1021 3490 ausurum.

107 3528 149 3595 11.
183 3551 232 3598 ΤΑ
249 3551 353 3604 ΠΡΟΣ
368 3533 660 3605 Aurrarrorvsiue
686 3550 809 3601 Arm
841 3548 1057 3617 (desummo)
1087 3528 1171 3616 (350

107 3633 208 3701 eea.

186 3636 199 3720 )
253 3740 285 3824 1)
308 3739 336 3804 si
351 3738 530 3827 Apaturius
551 3747 694 3804 actorem
714 3741 749 3805 in
772 3738 923 3824 pactione
945 3757 1019 3802 oum
1039 3735 1171 3803 Parme·

306 3852 404 3909 nonte
418 3835 565 3909 confecta
579 3841 732 3930 praedem
747 3841 870 3908 dictum
885 3861 956 3906 esse
978 3838 1076 3922 dieat,
1097 3860 1173 3925 pro·

306 3945 475 4012 ferendum
501 3968 573 4013 esse
599 3947 697 4011 istum
725 3944 875 4023 libellum.
925 3944 955 4009 ei
984 3943 1086 4023 enim,
1115 3943 1171 4027 qui

307 4048 527 4136 syngrapham
541 4049 670 4133 delerit,
696 4049 792 4127 fidem
813 4045 998 4115 habendam
1019 4068 1085 4113 non
1100 4067 1171 4112 esse

322 4155 397 4218 350.
419 4153 486 4220 36.

250 4257 289 4345 2)
304 4154 332 4322 ii
348 4154 525 4327 Aristocles
547 4276 606 4346 pro
621 4253 804 4325 testimonio
828 4252 915 4319 dieat
936 4262 1079 4323 actorem
1092 4251 1171 4325 Pare
