2700 4658
569 220 780 285 -23-.

127 380 322 464 τισίσθένττς
352 440 391 456 ..
419 442 426 457 .
458 393 501 466 τίς
530 383 715 478 ἐπιτροπήν
744 395 907 477 ἔρχονται.
959 392 1061 457 uerba
1092 391 1221 478 quidem

129 490 362 569 ἐνεστηκυιῶν
381 489 414 566 ,δ’
442 488 555 568 αὐτοῖς
582 493 637 558 τῶ
644 519 664 560 ν
694 493 834 577 δικῶν,
868 516 1062 582 quamquam
1084 495 1222 563 fortasse

128 594 352 661 artificiosiore
374 597 638 683 interpretatione
660 597 806 662 adhibita
827 597 879 679 ,ita
901 598 1057 685 explicari
1077 609 1221 686 possunt,

127 706 164 762 ut
185 698 400 787 antigraphae
421 721 486 766 non
504 708 617 766 contra
639 700 756 784 dicant,
779 710 888 765 tamen
911 703 1220 787 argumentationem

127 801 295 868 Sohaeferi
316 802 433 868 falsam
456 826 526 869 esse
549 804 754 870 conuincunt

214 905 279 971 alia
300 928 404 993 nuper
426 907 574 993 equidem
596 905 636 972 de
661 909 787 973 actione
809 908 958 991 cogitaui.
1002 910 1115 995 putaui
1137 911 1222 975 enim

124 1011 378 1076 Parmenontem
393 1031 431 1075 eo
446 1010 577 1075 nomine
598 1010 640 1075 ab
655 1011 815 1098 Apaturio
832 1019 1018 1079 accusatum
1033 1035 1112 1093 esse,
1134 1013 1221 1099 quod

126 1135 245 1179 nauem
270 1111 363 1178 euehi
384 1112 601 1198 prohibuisset
632 1123 665 1179 et
687 1135 798 1179 seruos
828 1115 952 1200 eripere
974 1124 1108 1182 conatus
1138 1127 1222 1180 esset

124 1219 176 1301 (9.
206 1213 471 1300 ἐπιλαμβάνεται
509 1214 573 1280 τῶν
608 1217 770 1302 παίδων),
811 1217 845 1281 id
880 1217 966 1305 quod
1002 1218 1111 1284 facere
1156 1242 1220 1286 non

125 1318 253 1401 debuit,
286 1319 405 1406 quippe
435 1321 486 1386 cui
516 1343 588 1386 cum
618 1321 775 1407 Apaturio
804 1320 885 1386 nihil
914 1323 1022 1406 negoti
1051 1332 1152 1402 esset,
1185 1331 1222 1387 ut

126 1446 228 1510 supra
257 1422 405 1491 uidimus.
441 1426 497 1488 'at
524 1445 602 1488 uero
632 1422 672 1488 de
702 1425 827 1489 achone
861 1423 983 1508 βιαίων
1021 1446 1085 1511 quo
1114 1426 1220 1492 minus

125 1527 316 1611 cogitemus,
345 1525 425 1592 illud
447 1527 577 1593 obstare
599 1526 677 1593 mihi
706 1527 843 1608 uidetur,
865 1526 951 1614 quod
972 1529 1010 1610 is,
1046 1531 1102 1614 qui
1124 1527 1165 1593 de
1187 1530 1220 1593 ui

126 1628 414 1710 condemnabatur,
429 1629 478 1695 bis
494 1633 576 1697 tanti
585 1629 781 1695 multabatur
791 1629 827 1716 1),
841 1632 954 1716 quanti
969 1630 1122 1696 damnum
1134 1632 1220 1718 quod

126 1733 222 1798 alteri
251 1732 402 1798 intulerat
425 1735 626 1799 aestimatum
649 1744 728 1816 erat,
757 1735 936 1820 Apaturius
958 1743 1065 1800 autem
1088 1736 1167 1800 naui
1187 1744 1220 1801 et

125 1837 231 1902 seruis
253 1836 353 1900 actori
374 1836 500 1901 traditis
522 1837 762 1919 damnumnon
783 1836 913 1906 fecerat.

214 1938 351 2006 similem
379 1939 421 2005 ob
449 1961 596 2005 caussam
625 1939 659 2005 id
680 1940 785 2004 minus
813 1939 881 2004 ueri
911 1941 1012 2006 simile
1042 1950 1107 2023 est,
1133 1941 1220 2027 quod

124 2044 197 2110 fieri
218 2044 332 2130 potuit,
353 2052 389 2107 ut
410 2042 589 2130 Apaturius
609 2042 828 2123 Parmenonti,
852 2045 907 2129 qui
928 2045 1088 2109 actionem
1110 2045 1220 2120 αίκίας

125 2147 364 2232 intenderam),
403 2145 562 2211 actionem
593 2136 724 2230 βλάβης
756 2145 953 2211 intenderet:
989 2147 1108 2212 etenim
1142 2147 1220 2232 quid

125 2251 238 2318 damni
260 2247 437 2337 Apaturius
459 2247 572 2314 fecerit
592 2271 655 2314 non
678 2247 782 2327 uideo,
804 2258 840 2313 ut
861 2248 956 2315 modo
977 2249 1054 2315 dixi.
1334 2237 1336 2242 ¹

214 2355 256 2420 ad
279 2351 493 2439 antigraphen
520 2351 690 2417 redeamus
712 2374 843 2417 necesse
869 2361 935 2435 est,
967 2361 1004 2418 ut
1024 2352 1217 2441 Apaturium

127 2459 264 2527 eandem
287 2457 446 2523 actionem
468 2464 565 2541 atque
587 2455 835 2521 Parmenontem
861 2457 881 2520 i.
904 2477 929 2521 e.
952 2455 1047 2534 δίκην
1069 2457 1179 2529 αἰκίας
1190 2456 1217 2538 ²)

126 2563 304 2630 intendisse
338 2559 564 2624 existimemus.
615 2579 810 2644 quamquam
839 2563 883 2623 'ne
916 2559 944 2622 si
973 2556 1059 2622 hanc
1089 2557 1217 2642 quidem

125 2668 227 2738 fuisse
249 2664 409 2730 actionem
424 2662 604 2745 statuimus
625 2683 735 2727 omnes
752 2660 955 2727 difficultates
970 2669 1112 2726 remotae
1127 2668 1216 2724 sunt:

127 2793 194 2836 non
217 2768 288 2832 dico
311 2766 413 2832 uerba
428 2759 693 2844 ἑνεστηκνιῶνιί
720 2759 836 2840 αὐτοῖς
857 2763 925 2830 τῶν
939 2760 1047 2842 δικῶν,
1067 2784 1149 2850 quae
1172 2763 1218 2834 sio
1261 2819 1265 2843 ,

128 2871 285 2961 explicari
305 2878 450 2956 possunt,
472 2877 508 2932 ut
529 2866 675 2932 dicamus
691 2868 837 2954 priorem
859 2869 1027 2947 actionem,
1049 2888 1132 2954 quae
1154 2870 1217 2931 ἐνέ-

129 2996 248 3052 στηκεν
270 2972 349 3057 (13),
381 2968 571 3057 antigraphe
593 2992 658 3034 non
683 2969 883 3056 antiquatam
905 2992 976 3035 esse
1005 2969 1062 3034 sed
1085 2968 1219 3035 dilatam

128 3075 234 3156 modo,
257 3075 333 3140 dum
352 3073 392 3138 de
414 3071 606 3158 antigrapho
620 3070 796 3136 iudicatum
817 3081 911 3154 esset,
933 3095 1009 3138 nam
1023 3072 1219 3136 Parmenon-

129 3190 205 3261 tem,
240 3179 268 3243 si
290 3177 456 3242 absolutus
480 3184 580 3256 esset,
611 3175 662 3239 ius
685 3197 777 3243 suum
800 3175 873 3242 dica
894 3176 1051 3243 instructa
1071 3174 1220 3261 persequi

129 3283 291 3368 potuisse:
314 3303 411 3366 quam
426 3279 468 3345 ob
489 3301 557 3344 rem
571 3278 796 3344 Parmenontis
819 3279 923 3343 dicam
937 3288 1004 3344 tam
1027 3279 1082 3343 diu
1096 3284 1219 3353 ἐνεστη-

130 3391 232 3451 κέναι
252 3393 338 3448 recte
368 3382 446 3463 dici,
479 3382 555 3446 dum
586 3392 642 3447 aut
670 3382 809 3471 Apaturi
839 3383 1032 3469 antigraphe
1054 3377 1220 3452 ,iudicibus

125 3485 271 3575 'probata
292 3486 484 3573 antiquetur,
506 3495 563 3549 aut
585 3485 612 3548 si
633 3485 753 3549 reiecta
775 3484 909 3566 sitista,
931 3482 1119 3576 diudicetur.
1164 3479 1220 3544 sed

131 3591 271 3679 primum
291 3588 374 3676 male
397 3588 577 3669 me-habet,
604 3586 690 3674 quod
717 3585 903 3675 simpliciter
925 3588 1157 3672 προσκαλεῖται
1179 3581 1221 3648 ab

132 3703 260 3757 oratore
281 3695 420 3779 positum
443 3700 501 3773 est,
522 3713 587 3756 non
610 3686 936 3773 documentorum,
958 3698 990 3754 et
1012 3689 1084 3779 δίκῃ
1106 3679 1222 3768 λύσων,

133 3819 198 3861 non
221 3791 410 3886 ἀντιγραφῇ
432 3788 550 3860 λύσων.
593 3803 662 3858 tum
682 3791 865 3856 mirandum
887 3801 944 3874 est,
967 3813 1024 3855 cur
1044 3790 1236 3876 Apaturius.

135 3908 201 3962 tam
230 3899 293 3962 cito
323 3897 365 3961 ad
395 3897 649 3982 conpromissum
680 3894 837 3959 adductus
859 3894 902 3958 sit
931 3905 963 3960 et
984 3891 1152 3959 commodo
1174 3913 1222 3976 eo,

207 4143 234 4208 1)
253 4139 288 4193 cf.
306 4100 417 4193 sesses
434 4153 499 4210 pag.
518 4138 578 4200 me.
613 4134 677 4191 Met
696 4135 721 4189 a
740 4133 867 4193 Schoen.
886 4133 937 4194 nu.
957 4135 1099 4212 Δωρίς.
1118 4133 1178 4196 σω.

205 4228 235 4294 2)
253 4224 286 4279 ef.
307 4241 371 4296 pag.
391 4224 430 4278 14.
