2700 4658
564 315 605 323 -
649 275 693 339 33
734 313 778 322 -

122 447 206 512 hloro
228 447 270 511 de
290 447 382 511 hiatu
403 446 491 533 apud
512 454 659 510 oratores
676 444 804 510 Atticos
824 466 900 531 pag.
923 445 985 510 151
1007 454 1040 508 et
1054 443 1213 508 Amoldus

41 575 47 580 ’
123 550 280 618 Schsefer
300 550 320 615 l
342 549 380 614 cl
401 549 582 615 orationem
594 547 685 613 illam
699 572 720 612 a
731 547 953 614 Danostlreue
966 546 1213 611 abiudicandam

125 675 196 718 esse
225 654 467 728 existimarunt,
495 651 675 738 horumque
703 652 843 734 uestigia
867 652 1050 737 nuperrime
1071 671 1213 736 pressere

122 755 270 820 Blassius
290 757 326 820 iu
340 755 392 819 111
413 755 455 819 de
469 756 652 820 Atticorum
669 754 855 840 eloquentia
875 754 1039 818 uolumine
1062 775 1137 840 pag.
1151 753 1213 816 415

123 881 256 946 pron,
285 861 341 945 qui
370 859 500 944 quidem
521 858 630 944 paullo
651 858 837 922 accuratius
857 878 954 943 quam
975 857 1156 942 superiores
1176 853 1214 919 de

125 961 281 1027 orationis
302 984 422 1045 genere
444 962 604 1040 disseruit,
626 971 660 1026 et
674 960 842 1026 Gustauus
855 959 1008 1025 Gebauer
1020 962 1055 1024 iu
1069 959 1153 1024 libro
1167 958 1214 1039 ‚de

123 1065 341 1152 hypotacticis
361 1074 395 1129 et
414 1067 625 1152 parataeticis
646 1065 831 1149 argumenti
851 1086 894 1128 ex
914 1065 1078 1128 contrario
1096 1063 1214 1128 formis‘

124 1167 188 1231 hoc
213 1188 299 1230 anno
322 1165 528 1232 Zvrioeauiae
557 1167 726 1253 euolgato‚
758 1169 816 1254 qui
841 1166 941 1245 ud,
969 1188 1044 1230 cum
1065 1163 1216 1231 XXXIII

126 1271 304 1335 orationem
341 1270 509 1352 laudaret,
544 1255 775 1337 Demosthenis
809 1291 928 1334 nomeu
955 1269 1048 1334 uncis
1078 1267 1213 1332 inclusit

125 1381 240 1437 contra
265 1373 321 1459 qui
351 1376 530 1439 orationem
551 1374 640 1440 illam
663 1372 876 1440 Demostheni
897 1383 1008 1458 aperte
1029 1370 1215 1450 uindicaret,

127 1497 223 1547 nemo
252 1477 405 1540 inuentus
434 1489 485 1542 est
512 1490 642 1565 praeter
661 1478 818 1544 Ioannem
839 1476 1079 1557 llermaunum,
1107 1473 1215 1560 quiin

126 1578 392 1665 praefatiunculis
424 1580 469 1644 ad
499 1580 732 1646 Demosthenis
763 1582 929 1646 orationes
965 1577 1215 1666 paragraphicas

127 1682 189 1746 hoc
219 1681 334 1746 saltem
366 1681 464 1747 dixit:
493 1706 561 1748 uon
587 1707 660 1748 esse
687 1705 787 1770 quam
814 1682 858 1747 ob
885 1704 954 1747 rem
975 1683 1080 1747 oratio
1101 1682 1216 1745 Demo·

128 1783 251 1848 sthenis
282 1805 354 1848 esse
375 1807 442 1849 non
461 1795 584 1872 posset
635 1809 720 1873 quae
740 1807 815 1850 cum
836 1786 885 1850 ita
905 1784 980 1865 sint,
1001 1785 1087 1850 dicet
1105 1783 1216 1868 aliquis

128 1873 154 1951 ὦ
180 1888 334 1971 βέλτιστε
363 1881 412 1972 μὴ
432 1889 549 1972 ylaris?
569 1894 614 1965 εὶς
628 1885 793 1968 Ἀθήνας.
834 1911 901 1953 nou
922 1909 1037 1953 uereor
1057 1886 1218 1973 equidem:

128 2014 205 2056 nam
228 1989 383 2056 Schaefer
397 1999 430 2054 et
443 1992 586 2057 maxime
599 1992 757 2073 Blassius,
776 2013 973 2078 quamquam
986 1991 1022 2054 iu
1035 1992 1218 2054 uniuersum

127 2104 216 2159 reete
243 2094 407 2160 iudIcasse
433 2095 641 2160 existimandi
670 2104 764 2175 sunt,
793 2105 918 2175 tamen,
947 2095 1002 2180 qui
1030 2103 1125 2158 erant
1143 2093 1219 2158 fines

130 2218 243 2262 eorum
271 2194 363 2260 libris
386 2196 597 2282 praescripti,
624 2220 690 2262 non
711 2208 780 2260 tam
801 2196 1105 2262 demonstrsuerunt
1126 2217 1219 2282 quom

128 2300 357 2364 indicauerunt
386 2299 565 2364 orationem
594 2299 683 2364 illam
713 2321 734 2363 a
754 2298 974 2365 Demosthene
1001 2321 1072 2364 esse
1102 2297 1220 2365 abiudi-

129 2402 285 2469 candam:
296 2401 376 2465 mihi
388 2411 498 2466 autem
506 2403 652 2487 contigit,
661 2411 700 2466 ut
711 2402 841 2487 singula
851 2412 1043 2488 argumenta
1053 2403 1220 2487 diligenter

131 2505 353 2592 conquirerem
381 2515 416 2569 et
443 2515 596 2570 accurate
623 2527 835 2592 exponerem,
871 2529 969 2593 quam
998 2529 1131 2594 operam
1159 2527 1219 2570 non

131 2630 265 2698 prorsus
298 2607 445 2672 inutilem
480 2609 581 2673 fuisse
609 2630 801 2695 persuasum
829 2608 944 2675 habeo
1004 2632 1117 2674 uerum
1145 2609 1221 2674 haee

132 2714 297 2776 hactenus
342 2710 512 2796 adipeam
534 2712 598 2776 iam
621 2734 690 2775 rem
712 2711 913 2776 accedemus.
958 2713 1097 2798 primum
1120 2721 1221 2776 autem

68 2854 72 2860 ·
133 2814 175 2878 de
197 2814 407 2900 dispositione
428 2823 498 2877 tum
520 2813 561 2879 de
582 2813 761 2880 elocutione
782 2815 938 2898 orationis
958 2813 1044 2879 illius
1066 2816 1219 2882 disseren-

133 2916 211 2981 dum
232 2915 301 2981 erit

419 3056 607 3106 Dlsrosmo
624 3057 803 3106 ommoms
820 3058 940 3109 XXXIII

167 3171 191 3225 1.
209 3177 424 3226 ΠΡΟΟΙΜΙΟΝ
438 3177 628 3240 (uxonmvn
646 3173 706 3226 siue
723 3178 931 3240 ancrmvn)
950 3174 1050 3244 (1-3).

219 3257 337 3343 quibus
366 3282 409 3324 ex
436 3259 563 3343 legIbus
591 3259 797 3348 paragrapho
824 3263 951 3327 intenta
978 3263 1018 3327 sit
1047 3263 1221 3348 exponitur.

220 3361 400 3446 explicatur
421 3373 539 3444 autem,

222 3465 255 3548 l)
276 3463 394 3550 quibus
426 3464 669 3531 condicionibus
691 3466 903 3532 mercatoriae
924 3465 996 3530 lites
1017 3467 1133 3531 instrui
1155 3487 1220 3555 pos-

281 3566 346 3631 sint
367 3569 424 3654 (1),

222 3667 256 3753 2)
278 3668 395 3754 quibus
426 3670 670 3737 condicionibus
701 3672 858 3738 aduersus
887 3673 975 3738 litem
1004 3675 1222 3740 mercatoriam

279 3775 428 3859 excipere
448 3773 545 3838 liceat
564 3774 621 3859 (2),

222 3873 256 3957 3)
279 3871 396 3958 quibus
406 3874 578 3962 exlegibus
589 3879 757 3964 ipseaotor
764 3879 994 3967 paragraphen
1003 3880 1224 3966 intenderit(3).

220 4017 258 4073 nt
267 4010 458 4076 Aristoteles
474 4021 509 4076 et
520 4012 776 4102 Anaximenes1)
791 4019 1001 4104 praecipiunt,
1018 4027 1054 4083 ut
1065 4017 1222 4107 prooemio

211 4169 239 4232 1)
256 4165 293 4218 cf.
313 4138 448 4237 Spengeli
475 4165 559 4222 rhett
577 4168 696 4226 Graece.
720 4171 740 4224 l.
759 4173 818 4228 150.
838 4173 880 4240 18,
904 4173 1005 4228 1.214.
1029 4175 1061 4226 11
1084 4180 1180 4244 pron:
1198 4175 1222 4223 et

139 4247 309 4310 Volkmauui
318 4251 420 4311 librum
428 4256 462 4309 de
469 4262 530 4313 arte
537 4254 677 4312 rhetorica
685 4257 1177 4332 Graecorumllomanorumquepag.
1185 4257 1221 4313 90.
