2700 4658
517 254 814 354 --39-Ι

79 444 141 489 non
180 421 282 487 solum
320 423 454 489 attentio
485 419 650 510 (πρόσεξις
680 425 748 492 siue
774 418 936 512 προσοχή)
965 435 998 493 et
1023 429 1170 497 docilitas

79 520 269 609 (εὐμάθεια)
286 547 395 591 eorum
407 528 463 614 qui
477 525 613 591 audiant
623 536 802 609 moueatur,
818 527 875 593 sed
886 530 984 594 etiam
995 533 1169 598 eorundem

78 627 295 694 beniuolentia
324 618 466 716 (εὔνοια)
492 640 695 716 conparetur,
719 631 766 696 sic
788 639 913 713 orator,
944 644 980 698 ut
1000 634 1169 702 beniuolas

78 730 136 797 sibi
158 730 309 798 redderet
334 731 476 797 iudicum
499 735 605 815 auris,
636 734 717 800 duas
740 734 814 799 huic
837 735 970 801 exordio
994 741 1169 805 sententias

76 833 219 900 addidit:
239 836 378 923 primum
401 836 485 900 enim
500 837 617 902 multos
632 838 697 901 iam
713 846 788 902 ante
803 859 837 902 se
853 838 974 904 eisdem
989 840 1029 905 de
1044 845 1168 908 caussis

76 938 240 1025 excepisse
261 946 377 1018 monet,
399 946 468 1002 tum
483 960 518 1003 se
533 938 826 1007 demonstraturum
840 943 998 1028 promittit
1008 942 1168 1009 hominem

76 1042 237 1129 quendam
268 1042 600 1107 maliuolentissimum
618 1044 735 1108 ‘totius
771 1042 838 1108 litis
868 1053 1032 1111 auctorem
1059 1048 1167 1117 fuisse.

76 1167 276 1232 quamquam
281 1144 388 1223 δέησις
399 1146 573 1212 insinuatio
584 1144 640 1210 illa
653 1147 688 1231 1),
704 1168 802 1233 quam
811 1145 1035 1236 plerarumque
1047 1151 1166 1220 Demo-

77 1247 197 1314 sthenis
229 1246 410 1314 orationum
442 1249 642 1335 priuatarum
671 1247 805 1314 exordia
833 1251 1013 1333 continent,
1041 1253 1104 1320 hoc
1131 1256 1166 1319 in

75 1350 237 1437 prooemio
278 1358 313 1414 ut
351 1350 384 1414 in
416 1351 529 1437 paucis
564 1351 637 1417 aliis
676 1351 877 1418 orationibus
908 1354 1166 1423 Demosthenicis
1208 1337 1211 1344 ¹

76 1453 282 1521 desideratur.

431 1592 540 1642 nuans
558 1593 808 1659 auerrunrvnr).

75 1694 105 1748 Π.
123 1698 318 1749 ΠΡσσοΣΙΣ
333 1694 393 1748 siue
411 1698 628 1748 HPOBAHMA
646 1697 878 1769 (raorosrrro).

156 1807 272 1864 contra
300 1798 359 1862 has
389 1798 478 1882 leges
508 1796 704 1884 Apaturium
734 1801 895 1864 actionem
922 1801 1099 1868 intendisse
1129 1828 1164 1870 se

153 1903 452 1976 ,demonstraturum
474 1909 582 1965 orator
603 1904 762 1986 promittit
785 1903 819 1990 (4
828 1902 869 1988 a).
921 1956 923 1959 ,

83 2006 168 2093 lua)
191 2025 378 2076 amram
393 2021 598 2092 (nnnaurro),
622 2025 705 2090 quac
728 2028 769 2070 ex
796 2015 960 2072 oratorum
979 2007 1164 2075 Atticorum

143 2263 170 2332 l)
189 2263 279 2317 uerba
297 2262 360 2318 dico
379 2261 450 2316 haec
467 2261 590 2318 XXVII.
607 2264 633 2318 3.
659 2259 759 2333 δέομαι
776 2258 803 2315 ‹l‘
827 2263 909 2331 ὑμῶν
925 2261 990 2331 μετ’
1010 2263 1118 2318 εὐνοίας
1138 2269 1170 2316 ra'

76 2369 126 2418 μου
137 2350 258 2403 οἰκοῦσαι
269 2349 324 2402 κᾶν
340 2347 496 2418 ἠδικῆσθαι
508 2346 594 2416 δοκῶ,
612 2350 760 2418 βοηθῆσαί
771 2370 821 2413 μοι
831 2347 868 2402 τοὶ
882 2347 979 2402 δίκαια
996 2349 1043 2402 uel
1055 2348 1167 2419 similia,

67 2436 170 2507 cardia
185 2435 331 2491 continent
342 2435 486 2504 prooemia
497 2436 656 2491 orationum
669 2437 749 2489 Dsm.
761 2436 907 2492 XXXVII.
921 2438 947 2505 3,
966 2435 1126 2490 XXXVIII,
1139 2437 1166 2505 2,

76 2521 156 2578 LIIII.
167 2525 193 2591 2,
212 2521 274 2577 LV.
287 2525 312 2587 2,
330 2521 414 2575 LVII.
428 2523 451 2586 1,
471 2525 500 2574 et
511 2522 612 2592 [Dem]
625 2521 775 2577 XXXIIII.
789 2526 814 2591 1,
826 2523 945 2578 XXXV.
958 2525 983 2585 5,
1001 2521 1124 2576 XXXX.
1138 2525 1164 2590 4,

77 2608 223 2666 XXXXII.
242 2609 268 2678 4,
286 2608 448 2663 XXXXHI.
461 2610 486 2673 2,
504 2607 681 2662 ΧΧΧΧΙΠΙ.
695 2608 719 2672 3,
737 2609 886 2664 XXXXV.
906 2611 930 2672 1,
949 2608 1126 2663 XXXXVII.
1139 2611 1163 2675 3,

77 2694 263 2752 XXXXVIII.
284 2699 310 2766 3,
328 2696 363 2749 L.
381 2697 398 2750 2
417 2695 441 2748 d
460 2697 486 2764 3,
505 2694 574 2749 LVI.
592 2696 617 2760 4,
637 2694 732 2750 LVIII.
752 2697 777 2750 3.
811 2697 903 2750 rarius
921 2697 993 2750 haec
1010 2695 1164 2752 insinuatio

78 2784 111 2837 ad
130 2773 322 2838 adtentionem
340 2781 520 2836 efficiundam
539 2787 675 2851 usurpata
693 2787 748 2837 est:
769 2783 870 2854 [Dem]
881 2776 1003 2836 XXXII.
1022 2783 1040 2835 3
1066 2779 1165 2851 δέομαι

77 2865 104 2920 δ’
121 2868 201 2938 ὑμῶν
220 2871 357 2923 ἁπάντων
376 2872 455 2939 εἴπερ
469 2868 544 2936 ἄλλῳ
563 2873 621 2921 τινὶ
633 2865 752 2921 πώποτε
770 2869 822 2921 τὸν
839 2876 908 2922 νοῦν
921 2875 1096 2939 προσέσχετε,
1117 2876 1166 2922 καὶ

76 2949 165 3026 τούτῳ
179 2963 337 3028 προσσχεῖν,
354 2956 414 3012 LII.
426 2958 452 3010 2.
484 2956 558 3010 adde
570 2954 625 3008 huc
637 2953 719 3008 Dem.
731 2954 866 3009 XXXIII.
880 2957 904 3010 l.
935 2956 1011 3026 ὅμως
1030 2949 1165 3026 ὦᾶνδρες

77 3042 204 3098 δικασταὶ
223 3050 371 3117 προσέχετε
383 3047 434 3097 τὸν
446 3049 524 3099 νοῦν.
559 3059 674 3113 prorsus
692 3042 745 3095 Ista
763 3041 953 3096 insinuatione
971 3046 1069 3098 carent
1083 3043 1163 3097 Dem.

76 3149 127 3187 orr.
154 3131 248 3186 XXX.
273 3130 409 3185 XXXVI.
434 3129 616 3196 XXXVIHI,
643 3134 672 3182 et
695 3127 792 3199 [Dem]
819 3145 872 3183 orr.
902 3128 995 3184 XXV.
1019 3128 1165 3188 XXVIIII.

76 3217 275 3272 XXXXVHII.
294 3217 342 3273 LL
360 3218 433 3272 LIII.
452 3216 566 3270 LVHH.
587 3216 741 3271 orationum
760 3215 881 3287 denique
898 3215 1034 3271 XXVIII.
1055 3214 1165 3271 XXXI.

78 3303 202 3379 [XXVI]
221 3305 407 3376 [XXXXVI.]
432 3311 463 3357 ut
486 3303 741 3374 deuterologiamm
766 3303 838 3357 ratio
863 3301 962 3356 haberi
984 3317 1041 3356 non
1063 3307 1165 3372 potest.

76 3392 234 3448 orationum
250 3408 318 3445 uero
343 3390 518 3446 iudicialium
542 3389 720 3461 pubIIoarum
742 3388 861 3442 eandem
883 3386 1032 3442 formulam
1054 3389 1084 3442 in
1101 3405 1165 3459 pro·

76 3480 164 3536 oemio
183 3478 315 3534 exhibent
332 3477 436 3534 XVIII.
454 3480 479 3543 6,
497 3475 616 3532 XVIIII.
636 3477 660 3541 1,
678 3475 756 3529 XXI.
776 3476 801 3540 I,
819 3473 910 3534 XXII.
929 3477 955 3543 4,
973 3475 1077 3529 XXIII.
1096 3479 1120 3530 4.

142 3567 172 3638 2)
189 3565 244 3620 hoc
263 3583 298 3634 ex
314 3565 377 3621 loco
395 3564 616 3629 euidentissime,
646 3579 730 3632 quam
752 3561 845 3615 nudus
870 3561 907 3613 sit
932 3561 1064 3615 orationis
1083 3563 1165 3616 huius

77 3652 196 3716 habitus,
223 3652 399 3722 perspicitur.
434 3650 543 3705 nullam
564 3654 713 3721 praeterea
736 3648 765 3700 in
788 3663 907 3717 corpore
930 3648 1086 3702 orationum
1109 3649 1166 3701 De-

76 3739 309 3794 mosthenieamm
326 3738 394 3792 noui
412 3737 576 3805 orationem,
594 3735 623 3789 in
641 3751 698 3806 qua
716 3734 779 3806 pari
796 3733 881 3789 modo
898 3734 992 3805 leges,
1010 3749 1044 3786 ex
1062 3734 1165 3804 quibus

78 3827 148 3881 actio
165 3826 274 3880 Intenta
292 3826 337 3894 sit,
356 3824 451 3878 statim
472 3829 538 3895 post
555 3823 699 3878 exordium
717 3827 921 3893 proponantur.

146 3913 175 3983 3)
193 3913 312 3983 scriptor
336 3910 471 3966 orationis
498 3911 559 3981 ipse
585 3909 776 3963 narrationem
805 3913 833 3962 et
860 3906 1054 3980 probatIonam
1076 3907 1166 3961 artius

78 4000 228 4055 cohaerere
246 3998 338 4053 uoluit
355 4015 441 4070 quam
453 3996 649 4069 probationem
661 4000 690 4048 ct
707 3994 915 4050 refutationem.
951 3992 981 4047 id
994 3993 1071 4064 qnod
1083 3995 1166 4048 facilc

76 4085 252 4152 intellexeris,
274 4086 296 4139 si
309 4083 522 4156 paragraphum
534 4087 664 4154 quartam
681 4087 711 4135 ἐκ
725 4080 837 4137 πολλῶν
850 4080 918 4150 ὑμῖν
931 4079 1008 4134 τοῦτ’
1032 4078 1165 4142 ἐπιδείξω

77 4189 139 4228 uum
155 4170 336 4245 paragrapho
354 4171 454 4241 quinta
471 4176 500 4224 et
515 4168 657 4224 tricesima
680 4173 710 4222 ἐκ
730 4168 843 4223 πολλῶν
868 4168 948 4237 οἶμαι
970 4164 1167 4232 ἐπιδεδεῖχθαι

78 4265 159 4313 τοῦτο
177 4258 246 4327 ὑμῖν
263 4257 423 4313 contuleris.
459 4257 496 4315 cf.
515 4256 639 4312 Blassius
658 4273 725 4328 pag.
743 4256 802 4312 514.
820 4260 878 4313 not.
896 4255 913 4310 5
931 4259 1000 4308 extr.
