2700 4658
568 219 778 282 „42‚

269 391 300 465 cl
322 414 383 456 nec
397 392 569 478 quicquam
583 391 663 455 certi
677 390 718 454 de
732 410 866 454 numero
882 387 1077 452 arbitrorum
1093 387 1216 452 demon·

325 497 421 559 strari
442 495 595 582 potuisse,
619 515 692 557 cum
716 490 904 569 Aristocles,
926 490 960 554 id
982 490 1070 576 quod

359 614 574 663 uusumonns
586 596 751 684 probatur,
762 592 983 681 syngrapham
990 595 1144 659 amissam
1152 615 1217 659 esse

359 701 614 779 asseuerauisset
636 700 740 785 (18a).

268 803 302 890 d)
325 814 489 869 auctorem
518 803 632 868 consili
652 801 738 865 illius
760 800 920 886 Eryxiam
941 800 1102 865 medicum
1123 801 1217 864 fuisse

214 1011 248 1095 3)
272 1031 391 1074 nouam
412 1009 554 1074 diaetam
575 1008 782 1074 constitutam
804 1029 870 1071 non
892 1029 965 1073 esse
985 1008 1065 1093 (19).

265 1113 298 1199 e)
320 1113 517 1199 Apaturium
539 1123 572 1176 et
585 1112 834 1177 Parmenontem
856 1132 974 1175 nouam
991 1109 1132 1176 diaetam
1147 1133 1215 1174 con·

324 1218 455 1281 stituere
474 1215 616 1281 noluisse
638 1214 696 1280 sed
718 1214 759 1280 de
780 1236 916 1279 numero
931 1213 1125 1280 arbitrorum
1140 1215 1217 1278 inter

322 1342 379 1385 eos
399 1318 479 1384 nihil
501 1320 691 1386 conuenisse
712 1318 817 1404 (19⁸).

268 1423 302 1510 b)
323 1423 573 1489 Parmenontem
602 1421 758 1488 Aristocli
793 1422 890 1509 plane
926 1419 1150 1502 interdixisse,
1181 1440 1215 1483 ne

323 1526 459 1592 solus
432 1550 503 1591 sme
525 1527 656 1610 collegis
678 1535 897 1610 cognosceret

387 1646 596 1698 TESTIMONIO
618 1627 838 1714 conprobatur
860 1627 970 1713 (191)).

213 1733 248 1818 4)
270 1732 370 1797 nihilo
392 1734 498 1797 minus
521 1732 563 1797 ab
587 1730 749 1796 Aristocle
778 1731 856 1812 solo,
877 1752 951 1794 cum
973 1729 1088 1816 reliqui
1111 1728 1218 1793 arbitri

271 1835 389 1901 iudicio
412 1835 654 1915 abstinuissent
673 1834 923 1899 Parmenontem
946 1832 1134 1898 damnatum
1155 1852 1222 1896 esse

269 1949 302 2004 et
324 1937 490 2004 absentem
512 1939 641 2026 quidem
664 1939 729 2023 (20.
751 1938 817 2023 21).

128 2040 413 2111 IIH.11roesxrx
432 2044 544 2108 altera.
587 2058 789 2108 Ριιοιοοιιιο
810 2041 966 2126 repetitm
986 2049 1019 2104 et
1041 2039 1229 2104 accuratius

215 2143 382 2226 definitur,
408 2156 443 2209 ut
464 2155 574 2210 orator
595 2158 709 2211 contra
731 2144 941 2231 Apaturium‚
967 2144 1022 2229 qui
1044 2144 1231 2230 pecuniam,

214 2244 258 2309 ad
287 2267 386 2332 quam
415 2247 655 2314 dissoluendam
675 2248 860 2313 Parmenon
889 2246 932 2311 ab
954 2245 1115 2310 Aristocle
1148 2266 1231 2310 con·

214 2349 384 2415 demnatus
421 2360 487 2431 est,
523 2351 565 2416 ab
596 2362 705 2417 actore
733 2352 854 2437 exigit,
888 2373 923 2414 se
951 2347 1231 2436 conprobatumm

213 2452 403 2538 polliceatur
419 2465 560 2520 actorem
573 2456 800 2521 Parmenontis
814 2453 970 2541 praedem
984 2474 1050 2516 non
1061 2473 1133 2516 esse
1147 2452 1231 2537 (22)

150 2554 190 2621 V.
214 2577 422 2631 ΑιιοΔΕιΞιι,Ι
441 2559 510 2624 siue
533 2579 691 2627 uiarum
705 2576 968 2644 (οοιιιιιιιιιιιο).

210 2660 258 2744 A)
279 2680 803 2746 nrxrrxArnxivoxffuossmo
815 2677 1085 2741 mammenus)
1106 2657 1141 2720 in
1165 2656 1231 2722 hac

215 2765 362 2830 oratione
384 2765 472 2829 nulls
495 2775 550 2830 est
580 2763 667 2851 quod
680 2764 828 2831 Blassius
840 2766 864 2851 ¹)
882 2765 902 2828 l.
918 2763 956 2830 cl
971 2761 1049 2827 dicit
1063 2769 1232 2825 oratorem

214 2867 440 2950 probationem
475 2868 710 2934 inartificialem
743 2892 778 2934 se
812 2869 1015 2956 prolaturum
1052 2886 1123 2928 esse
1152 2885 1232 2949 pro·

213 2971 340 3035 misisse
361 2993 422 3036 nec
444 2980 553 3035 tamen
573 2973 755 3058 protulisse,
781 2995 824 3038 ne
845 2970 907 3037 hoc
928 2969 1058 3057 quidem
1078 2975 1168 3031 recte
1191 2985 1232 3029 se

215 3068 322 3137 habet
375 3077 491 3140 etenim
512 3076 548 3138 in
568 3076 631 3140 hac
652 3078 799 3142 oratione
820 3074 1005 3141 testimonis
1026 3092 1100 3134 cum
1124 3091 1231 3154 argu-

214 3177 331 3240 mentis
363 3189 396 3242 et
421 3178 522 3262 signis
555 3179 802 3246 confunduntur.
851 3177 953 3244 uerba
982 3174 1119 3241 oratoris
1142 3172 1231 3237 haec

214 3289 289 3342 sunt
311 3279 396 3365 (22);
426 3275 534 3363 ὥσπερ
556 3279 712 3368 προσήκει
735 3278 897 3360 τοιαύτην
918 3282 1033 3344 αἰτίαν
1054 3272 1229 3341 ἀπολύσα-

215 3383 313 3461 σθαι,
335 3381 505 3464 πρῶτον
525 3381 628 3465 ύμῖν
647 3381 860 3469 μάρτυρας
883 3371 1225 3467 παρασχήσομαι,

213 3479 257 3557 ὡς
267 3483 328 3548 οὐκ
342 3477 561 3569 ἠγγυησάμην
575 3479 637 3570 tyci
649 3481 711 3552 τὸν
718 3488 944 3574 Παρμένοντα
955 3479 1027 3547 ἀλλ’
1039 3475 1225 3566 Ἄρχιππος

200 3776 226 3836 1)
244 3790 309 3843 pag.
322 3775 374 3829 512
392 3782 450 3830 not
463 3779 491 3831 2:
510 3777 557 3832 fiir
576 3777 621 3831 die
639 3777 807 3850 biurgsehslt
824 3777 875 3830 des
885 3776 1047 3848 Archippus
1064 3777 1223 3846 verspricbt

130 3877 161 3913 er
178 3855 246 3929 §m
265 3859 320 3913 den
338 3862 558 3932 zengenbeweis,
578 3864 650 3918 doch
668 3861 759 3917 findet
776 3863 836 3917 sich
856 3863 985 3917 derselbe
1002 3863 1091 3929 nicht,
1109 3871 1140 3918 et
1156 3880 1221 3933 pag.

127 3949 193 4001 513:
219 3946 270 3999 der
294 3947 496 4004 unkfinstliche
514 3951 616 4005 beweis
635 3951 722 4005 dsffir
743 3949 929 4021 [Archippum
953 3965 1011 4003 non
1028 3956 1153 4003 actorem
1172 3967 1221 4019 pro

127 4032 317 4086 Parmenonte
333 4036 527 4107 spopondisse]
553 4036 643 4091 durch
658 4055 768 4109 zeugen
785 4035 855 4090 vird
878 4035 1040 4090 verbeissen
1058 4035 1127 4088 aber
1144 4035 1220 4089 nicht

126 4117 269 4190 gegeben3
297 4119 348 4184 der
371 4121 505 4192 sprecber
528 4123 599 4192 geht
620 4124 705 4177 ruach
736 4141 771 4178 an
799 4123 853 4177 den
875 4121 1058 4176 hiimtlichen
1082 4120 1218 4175 beweisen

126 4203 285 4276 (τεκμήρια)
303 4206 381 4262 iiber.
