2700 4658
562 259 689 352 ..25
735 295 772 307 ..

119 428 271 511 stoclem,
306 430 362 516 qui
391 452 432 495 ex
460 450 547 515 pago
569 418 619 494 Oe
647 427 750 495 tribus
772 426 926 494 Oeneidis
955 429 1111 495 oriundus
1136 438 1214 510 erat,

120 533 306 599 Parmenon
334 540 475 598 actorem
485 533 522 619 1).
569 531 688 598 deinde
716 533 925 598 constitutum
955 542 1013 616 est,
1043 543 1080 599 ut
1107 543 1139 599 et
1165 556 1214 614 sa,

121 658 205 723 quae
227 637 312 702 inter
333 638 391 702 tris
409 636 481 702 illos
503 635 643 703 arbitros
666 638 900 720 conuenissent,
923 644 955 703 et
976 650 1028 722 ea,
1052 659 1135 725 quae
1150 637 1213 703 duo

121 762 234 806 eorum
250 741 479 823 decreuissent,
493 749 567 805 rata
581 748 613 804 et
626 739 720 804 firma
734 749 850 806 essent.
894 749 962 806 tum
977 741 1113 828 praedes
1131 742 1215 806 inter

120 857 156 910 'se
177 843 346 926 dederunt,
369 845 426 931 qui
447 844 641 910 arbitrorum
662 843 792 908 decreto
816 845 895 910 satis
917 845 1039 911 factum
1060 845 1100 910 iri
1121 865 1214 931 prae·

121 955 255 1029 starent,
277 949 455 1034 Apaturius
470 947 679 1013 Parmenonti
692 948 895 1032 Aristoclem‚
909 949 1092 1016 Parmenon
1107 958 1214 1013 autem

121 1051 284 1138 Apaturio
306 1050 508 1139 Archippum
530 1051 634 1115 ciuem
655 1050 887 1117 Atheniensem
910 1074 952 1116 ex
971 1074 1057 1138 pago
1074 1051 1214 1140 Myrrhi-

122 1164 225 1220 nunte
246 1155 351 1220 tribus
372 1152 584 1220 Pandionidis
606 1155 785 1222 oriundum
830 1154 968 1242 denique
988 1157 1106 1238 omnia,
1132 1177 1216 1243 quae

120 1261 207 1326 inter
238 1259 404 1346 litigantes
429 1267 664 1341 conuenerant,
697 1258 811 1324 litteris
842 1261 1033 1344 consignata
1062 1267 1152 1337 sunt,
1183 1268 1216 1325 et

123 1361 263 1444 libellus,
278 1384 373 1450 quem
388 1362 614 1428 Parmenontis
628 1385 741 1428 seruus
753 1363 779 1448 2)
794 1373 995 1444 exorauerat,
1009 1365 1112 1450 primo
1128 1362 1216 1449 apud

119 1465 312 1532 Phooritum
335 1465 500 1554 depositus
526 1474 591 1550 est,
623 1474 693 1531 tum
723 1488 796 1531 cum
816 1466 987 1533 Phocritus
1014 1469 1084 1555 ipse
1105 1475 1210 1556 postu·

123 1569 269 1652 lenisset,
291 1579 328 1635 ut
350 1568 437 1657 apud
459 1569 558 1634 alium
580 1568 801 1657 deponeretur,
822 1570 910 1657 apud
931 1570 1132 1636 Aristoclem.

209 1677 276 1738 iam
299 1696 376 1739 nero
399 1673 557 1739 diaetetae
579 1675 800 1760 quaestionem
821 1676 1036 1755 instituerunt,
1059 1684 1131 1740 uter
1153 1673 1214 1739 liti-
1314 1713 1316 1718 .

121 1778 271 1862 gantium
293 1776 421 1866 culpam
444 1779 672 1860 contraxisset,
704 1787 736 1844 et
757 1779 823 1844 lam
850 1779 885 1843 in
907 1787 1054 1862 ecerat,
1086 1786 1123 1843 ut
1144 1799 1215 1844 sen·

122 1881 260 1946 tentiam
282 1881 434 1964 facerent,
456 1903 529 1946 cum
543 1881 731 1968 Apaturius,
754 1883 809 1967 qui
822 1882 1010 1949 Phocritum
1025 1891 1058 1948 et
1075 1891 1215 1948 actorem

124 1984 351 2070 conspirantes
373 2007 407 2050 ss
430 1984 698 2051 condemnaturos
714 2007 784 2051 esse
806 1989 1011 2074 conperisset,
1033 1986 1137 2051 denuo
1161 2007 1216 2050 ne·

122 2088 214 2172 gotia
246 2087 419 2156 facessiuit.
461 2087 604 2154 libellum
634 2089 735 2171 enim,
767 2111 830 2176 quo
851 2090 958 2176 pactio
984 2088 1217 2170 continebatur,

124 2190 297 2256 delendum
320 2201 413 2257 curat
422 2192 447 2279 ³)
470 2191 577 2279 idque,
601 2191 746 2258 simodo
769 2195 907 2259 oratoris
928 2193 1036 2260 uerbis
1057 2192 1139 2257 fides
1160 2191 1217 2257 ha·

122 2293 233 2360 benda
255 2304 312 2376 est,
334 2317 372 2361 eo
388 2295 531 2378 consilio,
551 2305 589 2361 ut
609 2297 717 2362 diaeta
731 2296 916 2364 solueretur.
959 2307 1028 2363 tum
1050 2318 1127 2363 uero
1142 2297 1216 2362 Ari·

124 2397 258 2463 stoclem
281 2398 383 2464 solum
407 2399 469 2466 sibi
493 2401 666 2466 diaetetam
686 2422 757 2465 esse
779 2400 951 2484 contendit,
977 2400 1163 2466 Phocritum
1185 2410 1217 2465 et

124 2508 268 2566 actorem
305 2503 426 2567 nullam
456 2502 575 2568 habere
610 2512 802 2591 potestatem
832 2504 895 2569 nisi
928 2503 989 2568 τοῦ
1023 2502 1179 2584 διαλῦσαι
1190 2503 1215 2589 ⁴)

197 2694 225 2757 l)
242 2706 358 2761 prorsus
376 2690 477 2746 eodem
494 2690 576 2746 modo
592 2689 634 2745 III
653 2689 792 2746 diaetetae
809 2689 914 2762 priuati
933 2689 1096 2763 deliguntur
1115 2689 1215 2765 [Dens]

123 2777 243 2832 LVIIII.
260 2778 304 2834 45.
339 2782 387 2830 καὶ
409 2776 480 2848 ὑπὲρ
503 2781 556 2845 μὲν
573 2783 624 2831 τοῦ
645 2782 807 2849 Φρυνίωνος
831 2775 972 2845 διαιτητὴς
988 2781 1139 2843 ἐκαθέζετο
1157 2775 1218 2831 Σοί-

122 2884 205 2938 τυροτ
224 2863 427 2927 Ἀλωπεκῆθεν
456 2864 471 2916 ὃ
497 2862 726 2934 Λακεδαιμονίου
751 2862 882 2935 σέδελφόι,
908 2864 979 2940 ὑπὲρ
1007 2862 1043 2918 ’δὲ
1068 2864 1218 2935 Στεφάνου

123 2956 238 3004 τουτουὶ
250 2953 391 3023 Σατυρίαι
401 2952 585 3023 Λαμπτρεύς·
604 2953 702 3007 κοινὸν
716 2950 743 3006 δ’
765 2951 858 3009 αὑτοῖς
871 2957 1096 3024 προσαιροῦνται
1107 2954 1218 3024 Διογεί-

122 3056 196 3090 τονα
207 3036 348 3106 Ἀχαρνέα.

195 3125 224 3195 2)
241 3124 277 3178 cf.
295 3126 312 3194 5
330 3125 371 3181 17.

195 3211 226 3280 3)
244 3210 297 3265 hoo
321 3227 411 3281 genus
437 3209 546 3266 bandis
570 3211 600 3265 in
621 3211 744 3266 Graecia
767 3229 825 3268 non
850 3228 945 3267 rarum
968 3211 1057 3269 fuisse
1080 3213 1219 3269 Isocrates

125 3295 221 3352 XVII.
239 3298 274 3352 33
300 3296 422 3351 dilucide
446 3297 522 3352 bisce
546 3303 680 3353 testatur:
706 3299 756 3351 οὒκ
781 3299 863 3361 ἄξιον
888 3295 918 3352 δὲ
940 3299 1111 3369 θαυμάζειν,
1139 3301 1164 3353 εἰ
1185 3295 1219 3352 ed

124 3385 322 3458 γραμματεῖον
339 3380 512 3456 διέφθειρεν,
533 3385 566 3440 οὐ
581 3383 673 3453 μόνον
691 3382 738 3439 διὰ
756 3393 848 3448 τοῦτο,
870 3384 915 3438 ὅτι
930 3383 1020 3440 πολλοὶ
1036 3385 1147 3440 τοιαῦτ’
1168 3383 1220 3452 ἤδη

124 3477 249 3544 γέγονεν,
268 3468 328 3523 ἀλλ’
346 3468 391 3522 δτι
408 3469 465 3527 κτλ.
772 3478 778 3487 ”

197 3558 226 3625 4)
242 3554 377 3610 διαλῦσαι
395 3557 455 3612 eod.
473 3563 502 3610 Σ
517 3558 648 3629 praebet,
676 3560 762 3614 ceteri
781 3560 862 3616 codd.
882 3556 1067 3616 συνδιαλῦσαι.
1103 3560 1221 3630 simplex

126 3650 224 3701 autem
241 3645 362 3698 uerbum
379 3659 479 3700 uemm
494 3644 622 3700 uidetur:
649 3660 716 3700 nam
733 3652 765 3699 ut
782 3646 828 3702 hio
846 3652 886 3702 ita
903 3645 965 3702 aliis
984 3646 1066 3702 buius
1085 3647 1220 3703 orationis

126 3732 199 3788 locis
213 3731 242 3786 in
256 3729 402 3787 codicibus
415 3731 600 3788 deterioribus
612 3730 702 3786 uerba
713 3732 860 3803 conposita
871 3750 922 3806 pro
932 3733 1106 3804 simplicibus
1117 3739 1221 3789 temere

131 3818 288 3874 substituta
299 3822 371 3872 sunt.
399 3817 436 3872 cf.
454 3808 496 3873 Π.
516 3815 733 3891 διαμφισβητεῖν
747 3819 789 3873 Ar
808 3837 861 3890 pro
880 3819 1076 3890 ἀμφισβητεῖν,
1097 3821 1139 3875 18.
1158 3838 1222 3892 συγ-

128 3904 349 3970 κατασκευάζειν
362 3905 413 3969 FQ
431 3922 482 3975 pro
495 3904 719 3971 κατασκευάζων,
745 3907 789 3962 23.
811 3905 1008 3978 εἰσεπράττετο
1025 3921 1122 3963 omnes
1140 3906 1222 3963 codd.

127 3999 243 4065 praeter
254 3996 282 4044 Σ
291 4008 343 4062 pro
356 3992 520 4064 ἐπράττετο,
541 3991 584 4048 27.
595 3989 627 4045 οὐ
641 3988 846 4063 διισχυρίζομαι
856 3994 899 4048 Ar
911 4011 963 4064 pro
977 3993 1220 4066 olstnvptgopar,

129 4082 171 4137 29.
190 4077 323 4142 ἀνῆλθον
340 4077 409 4142 AQr
427 4077 562 4144 α’τιῆλθσν
583 4077 607 4132 F
624 4095 677 4150 pro
694 4071 795 4146 ἦλθον.
829 4085 954 4134 ceterum
975 4077 1099 4134 διαλύειν
1123 4080 1222 4137 eodem

130 4167 214 4222 modo
240 4165 276 4219 de
298 4165 395 4219 amicis
421 4165 565 4236 litigantes
589 4164 663 4220 inter
694 4167 961 4223 reconciliantibus
991 4172 1156 4238 usurpatum
1178 4172 1222 4222 est

131 4251 269 4309 XXXXI·
292 4253 325 4311 14
347 4254 527 4322 βουλομένων
554 4253 625 4321 ἡμᾶς
648 4258 707 4307 τῶν
730 4252 820 4326 φίλων
848 4251 1010 4310 διαλύειν
1034 4260 1083 4312 καὶ
1109 4252 1222 4314 πολλῶν
