2700 4658
144 1041 226 1166 Ex
257 1111 379 1189 septem
407 1101 470 1166 illis
504 1102 702 1167 orationibus
732 1103 937 1188 exceptoriis,
971 1125 1053 1188 quae
1086 1103 1145 1167 sub

54 1204 287 1269 Demosthenis
315 1206 444 1270 nomine
474 1205 757 1287 circumferuntur,
790 1228 845 1284 ea,
878 1227 961 1291 quae
991 1205 1146 1271 aduersus

56 1308 252 1392 Apaturium
275 1308 443 1394 conposita
457 1315 555 1394 atque
576 1307 687 1374 habita
702 1317 761 1390 est,
781 1317 814 1374 et
834 1309 968 1373 ictorum
992 1318 1024 1372 et
1039 1330 1145 1392 gram-

55 1412 247 1474 maticorum
263 1410 370 1474 studia
385 1432 449 1474 non
465 1411 631 1475 minimum
647 1412 816 1476 excitauit
845 1432 905 1475 nec
919 1413 1053 1475 mirum:
1068 1434 1145 1475 nam

56 1534 142 1598 quae
164 1534 216 1577 res
237 1512 293 1577 illa
315 1513 460 1578 oratione
476 1508 676 1594 enarrantur,
697 1535 755 1578 eae
777 1513 895 1599 partim
911 1522 976 1577 tam
1001 1514 1146 1578 difficiles

55 1625 133 1680 sunt
155 1625 187 1679 et
208 1623 276 1679 tam
291 1614 457 1696 obscurae,
479 1624 515 1680 ut
529 1615 659 1703 quando
675 1615 802 1702 quidem
818 1623 931 1680 nostra
951 1616 1029 1680 iuris
1044 1617 1147 1680 Attici
1168 1612 1171 1618 ’

56 1717 161 1781 ciuilis
177 1719 320 1801 scientia,
342 1719 461 1805 quippe
476 1739 559 1804 quae
573 1741 639 1783 non
654 1741 695 1782 ex
710 1717 836 1802 legibus
857 1720 938 1803 ipsis
953 1721 995 1783 sit
1010 1729 1145 1805 sumpta,

56 1821 115 1886 sed
145 1842 187 1885 ex
216 1823 349 1908 singulis
378 1843 459 1907 quas
489 1830 633 1886 oratores
661 1831 842 1886 tractarere
874 1822 998 1886 caussis
1020 1819 1145 1902 hausta,

54 1926 165 2009 minus
195 1924 344 1990 absoluta
372 1932 405 1988 ct
432 1923 576 2009 perfecta
606 1933 670 2004 cst,
702 1924 774 2010 plus
810 1924 909 1989 semel
941 1923 1146 1990 difficultates

56 2037 237 2113 appareant
265 2036 391 2106 tantae,
425 2047 508 2112 quae
531 2025 599 2093 sola
625 2027 810 2092 coniectura
839 2026 995 2111 explicari
1015 2029 1148 2116 possint.

57 2152 162 2194 sermo
186 2130 471 2209 memorationis,
494 2150 689 2215 quamquam
709 2151 775 2194 non
797 2139 845 2194 est
859 2131 997 2215 agrestis
1019 2152 1080 2195 nec
1101 2132 1148 2195 in·

56 2231 214 2314 c'onditus,
235 2244 343 2298 tamen
359 2255 397 2298 eo
413 2242 529 2297 ornatu
544 2255 583 2298 ea
598 2233 760 2318 elegantia
783 2255 823 2297 ea
837 2235 871 2297 ui
887 2255 997 2298 carere
1012 2233 1148 2314 uidetur,
1218 2286 1220 2290 ,

58 2335 176 2422 quibus
199 2359 343 2401 summus
363 2337 561 2402 Graecorum
583 2345 692 2401 orator
713 2338 827 2401 ceteris
849 2338 1017 2422 praestitit.
1062 2337 1148 2423 quod

56 2441 85 2502 si
107 2440 301 2523 quaesieris,
333 2441 388 2525 qui
416 2440 537 2504 factum
566 2442 608 2503 sit
636 2448 673 2503 ut
695 2458 756 2523 ego
786 2436 891 2502 denuo
923 2437 1059 2502 eandem
1080 2460 1149 2503 rem

56 2539 321 2626 pertractandam
343 2544 553 2628 susciperem:
583 2563 648 2606 non
671 2539 790 2605 nullam
820 2542 854 2604 in
884 2560 973 2626 spem
996 2562 1149 2605 ueneram

56 2645 128 2709 fore
156 2652 192 2707 ut
221 2626 432 2711 Demostheni
460 2645 637 2709 orationem
666 2643 832 2708 uindicare
862 2664 998 2728 possem.
1052 2664 1150 2729 quam

57 2759 168 2811 tamen
189 2769 280 2834 spem
300 2747 416 2813 salsam
439 2757 471 2812 et
489 2769 608 2812 uanam
630 2746 730 2811 fuisse
751 2766 828 2810 mox
851 2747 945 2811 sensi.
989 2766 1086 2831 quarn
1109 2745 1150 2811 ob

59 2873 128 2942 pem
148 2872 189 2915 ne
204 2872 303 2937 quarn
318 2870 447 2935 operam
469 2851 503 2915 in
518 2848 743 2936 cognoscenda
760 2858 791 2912 et
812 2846 988 2912 iudicanda
1005 2848 1151 2912 oratione
1249 2895 1254 2905 ,

58 2953 116 3018 illa
138 2954 352 3034 collocassem,
376 2974 415 3017 ea
436 2974 568 3038 prorsus
590 2952 716 3041 perdita
737 2960 836 3030 esset,
858 2951 1086 3039 prolegomena
1107 2949 1150 3014 ad

59 3079 132 3121 eam
154 3055 355 3122 conscribere
377 3057 544 3139 constitui,
573 3078 651 3120 num
678 3055 762 3119 forte
783 3055 829 3117 eis
853 3052 1086 3140 aliquantulum
1108 3052 1151 3117 ad

59 3160 293 3224 accuratiorem
322 3157 521 3224 Graecarum
552 3158 731 3223 litterarum
760 3158 976 3241 cognitionem
1006 3157 1152 3221 conferre
1248 3241 1253 3251 „

57 3284 197 3348 possem.
