2700 4658
501 268 709 331 ..41-

203 436 235 523 d)
259 438 484 502 commercium
510 447 580 503 tum
609 456 650 502 ex
678 435 806 522 legibus
834 434 1022 522 syngrapha
1043 457 1152 501 coram

258 539 367 605 multis
388 539 525 606 testibus
548 539 654 606 deleta
676 538 815 605 solutum
836 561 909 605 esse

310 659 528 709 rnsrmorurs
558 643 777 732 conprobatur
799 642 904 730 (121)).

97 749 120 835 1)
145 756 318 813 narrantur
332 770 381 832 ea,
397 747 514 834 quibus
531 755 640 814 orator
653 746 849 833 probaturus
865 756 915 813 est
925 751 1039 834 postea
1053 744 1156 810 actori

142 874 216 917 cum
239 852 399 939 Apaturio
429 852 656 918 commercium
678 850 802 916 nullum
823 851 925 916 fuisse
948 848 1003 936 (13
1026 846 1065 896 -'
1089 847 1154 934 21).

146 955 177 1042 1)
201 954 255 1040 qui
284 955 406 1020 factum
435 956 490 1036 ait,
517 964 554 1020 ut
575 954 735 1021 diaetetas
758 954 962 1039 eligerentur,
987 951 1043 1039 qui
1065 949 1154 1016 litem

201 1060 285 1123 inter
298 1058 548 1124 Parmenontem
569 1067 602 1124 et
616 1053 812 1146 A'pattuium
831 1067 936 1124 ortam
950 1054 1154 1121 diudicarent

203 1161 257 1249 (13
280 1199 319 1208 -
345 1161 408 1247 15).

199 1263 231 1351 a)
253 1263 504 1331 Parmenontem
525 1263 684 1350 Apaturio
712 1264 871 1330 actionem
891 1263 1083 1329 iniuriarum
1103 1260 1151 1326 in-

250 1366 393 1432 tendisse
415 1366 457 1432 oh
481 1365 627 1448 uerbera,
641 1365 769 1454 quibus,
785 1389 859 1432 cum
872 1367 982 1432 furtim
997 1365 1153 1450 aufugere

254 1493 327 1535 eum
350 1470 541 1559 prohiberet,
563 1492 735 1556 percussus
758 1479 844 1536 esset
865 1471 920 1558 (13
930 1470 971 1557 a).

199 1575 234 1661 b)
256 1595 296 1639 ca
322 1574 357 1637 in
388 1575 514 1640 actione
535 1574 732 1661 Apaturium
760 1575 811 1639 ius
836 1573 1009 1639 iurandum
1032 1596 1052 1637 a
1073 1571 1153 1635 Par-

251 1685 402 1742 menonte
437 1676 581 1742 oblatum
612 1698 647 1742 sa
678 1677 860 1744 iuraturum
889 1678 1026 1765 pecunia
1055 1677 1151 1739 inter·
1265 1750 1267 1754 Ι

256 1780 363 1867 posita
385 1779 564 1866 pollicitum
585 1801 657 1846 esse

349 1898 560 1953 assumeado
581 1881 738 1971 probatur
759 1882 868 1971 (131)).

204 1985 235 2072 c)
257 1985 457 2073 Apaturium
482 1994 591 2052 autem
612 1987 768 2070 ueritum,
789 2009 831 2053 ne
861 1987 889 2052 si
910 1986 961 2052 ius
983 1984 1155 2049 iurandum

255 2088 334 2152 illud
370 2089 559 2157 aduersario
593 2091 751 2173 dedisset,
790 2091 911 2177 periuri
940 2094 1155 2168 accusaretur,

255 2193 383 2258 actione
413 2201 527 2259 conus
553 2195 678 2261 intenta
708 2193 869 2277 effecisse,
896 2201 933 2258 ut
954 2212 1089 2258 caussae
1112 2189 1155 2255 ad

256 2294 413 2361 diaetetas
435 2296 639 2364 deferrentur
652 2298 730 2386 (14).

201 2397 235 2484 d)
258 2398 446 2486 syngrapha
469 2399 509 2465 dc
531 2401 640 2467 diaeta
661 2400 887 2467 constituenda
906 2407 1061 2466 statutum
1082 2416 1154 2461 csse

255 2511 291 2565 ut
320 2511 386 2568 tres
417 2502 576 2570 diaetetas
602 2526 669 2570 una
694 2503 882 2569 iudicarent
934 2498 1155 2588 syngrapham

257 2604 362 2690 ipsam
376 2605 480 2694 primo
496 2606 584 2693 apud
597 2606 785 2673 Phocritum
800 2605 916 2672 deinde
927 2604 1014 2693 apud
1028 2603 1154 2666 Aristo·

255 2705 346 2790 clem,
360 2728 496 2794 quorum
510 2719 645 2796 uterque
664 2709 779 2776 arbitri
800 2731 933 2776 munere
948 2706 1154 2792 fungebatur,

256 2809 437 2898 depositam
457 2832 528 2877 esse
550 2813 628 2901 (15).

292 2928 501 2981 rssmuours
528 2931 758 2998 suerranum,
788 2915 905 3003 quibus
934 2913 1092 3003 probatur
1123 2920 1156 2977 et

293 3019 514 3105 syngrapham
545 3020 633 3106 apud
654 3018 847 3086 Aristoclem
876 3019 1056 3107 depositam
1083 3036 1155 3082 esse

292 3129 324 3184 et
344 3120 404 3186 tris
427 3120 584 3189 diaetetas
607 3127 678 3189 esse
700 3123 827 3189 electos.

97 3242 292 3294 ΕΤΑΒΑΣΙΣ
327 3224 537 3314 (ananelum)
571 3228 714 3294 continet
747 3226 883 3292 oratoris
924 3245 1036 3311 preces
1047 3223 1086 3309 ²),
1119 3229 1156 3286 ut

97 3327 210 3392 rniuole
231 3327 354 3393 iudices
375 3327 534 3415 reliquam
554 3331 773 3397 narrationem
795 3329 930 3395 audiant
951 3327 1059 3416 (Ida).

147 3430 181 3516 2)
205 3431 260 3517 qui
282 3431 404 3496 factum
427 3433 478 3513 sit,
497 3443 536 3498 ut
556 3434 665 3500 diaeta
687 3434 865 3501 solueretur
888 3431 1028 3519 (161-
1047 3428 1107 3515 18).

203 3536 236 3621 a)
258 3533 454 3622 Apaturium
470 3539 689 3625 syngrapham
704 3558 763 3626 per
777 3532 972 3604 Aristoclem
987 3530 1156 3599 delendam

256 3659 388 3704 curasse
411 3639 521 3726 (161)).

200 3740 236 3827 b)
260 3741 397 3806 eundem
418 3741 535 3808 deinde
556 3743 729 3828 negauisse
745 3744 806 3811 sibi
822 3763 1014 3832 quemquam
1029 3748 1156 3828 praeter

258 3843 450 3910 Aristoclem
471 3843 629 3911 arbitrum
651 3867 723 3912 esse
744 3847 823 3936 (17).

126 3959 269 3967 --.-.-----

132 4001 158 4071 1)
178 3997 267 4064 δέησις
288 3998 383 4054 media
408 3999 437 4053 in
464 3998 590 4055 oratione
612 4006 749 4073 usurpata
770 4018 828 4056 non
846 4001 979 4058 abhorret
1004 4016 1022 4053 a
1039 4012 1156 4054 consue-

97 4086 160 4140 dine
178 4091 320 4141 oratorum
339 4085 376 4144 cf.
395 4084 574 4161 [XXXXIII.]
601 4088 644 4144 17.
663 4086 698 4142 cl.
716 4088 775 4144 LV.
794 4090 836 4143 10.
871 4085 956 4153 δῆλον
976 4082 1003 4139 δ’
1023 4085 1091 4154 ipio
1108 4090 1157 4138 καὶ

97 4173 142 4226 ῦτ’
160 4174 262 4226 αὐτίκα
282 4175 362 4226 ἔσται
379 4180 483 4228 πᾶσιν·
506 4172 576 4226 ἀλλὰ
595 4178 746 4247 προσέχετε
764 4167 789 4230 ὦ
805 4172 906 4249 ἄνδρες
919 4179 1069 4241 Ἀθηναῖοι
1087 4167 1157 4247 πρδσ

99 4260 126 4316 ὂς
143 4264 191 4314 καὶ
209 4263 289 4313 θεῶν
306 4260 359 4313 τὸν
375 4265 453 4314 νοῦν.
