2700 4658
445 222 752 312 .‘'40‘''

184 398 416 467 consuetudine
443 395 634 463 testimoniis
662 394 822 458 instructa
842 396 907 472 cst,
928 397 966 454 nt
987 385 1187 475 probationes

183 501 395 569 inartificialis
416 500 580 565 contineat
598 496 661 583 (4b
685 533 725 544 -—
748 494 812 580 21).

119 610 165 696 Α)
186 614 360 673 narrantur
389 626 443 683 ea,
472 599 589 689 quibus
611 607 720 664 orator
741 597 1018 663 demonstraturus
1038 602 1089 661 est
1110 615 1189 669 com·

185 711 358 790 mercium,
396 705 484 792 quod
506 705 608 770 actori
629 725 702 769 oum
723 698 883 790 Apaturio
911 699 1025 783 merit,
1055 698 1189 764 solutum

187 835 258 880 esse
283 809 344 896 (4b
364 847 405 858 -
430 808 493 894 12).

189 921 222 1000 1)
244 936 342 1002 quam
363 913 465 977 uitam
488 917 577 975 actor
599 909 711 993 egerit,
733 916 808 972 ante
822 927 920 994 quam
933 905 1129 992 Apaturium
1144 923 1190 969 co·

246 1025 387 1105 gnosset,
410 1014 583 1103 exponitur
603 1010 669 1098 (4b
691 1050 734 1060 —
755 1010 806 1096 5):

246 1127 280 1203 a)
303 1119 475 1208 septimum
489 1119 555 1182 iam
570 1137 640 1181 esse
655 1135 785 1197 annum,
800 1135 841 1177 ex
855 1131 919 1199 quo
930 1114 1089 1197 nauigare
1103 1109 1195 1175 desti-

297 1225 372 1288 terit
395 1221 478 1309 (4b).

243 1325 280 1411 b)
302 1335 377 1390 ante
405 1324 495 1389 illum
524 1343 645 1388 annum
671 1321 791 1386 diutius
812 1339 886 1384 eum
908 1316 997 1405 apud
1019 1316 1200 1405 Byzantios

302 1437 534 1495 commoratum
545 1446 625 1507 esse,
636 1432 672 1488 ut
686 1423 933 1488 familiarissime
944 1421 991 1487 eis
1000 1440 1080 1484 usus
1092 1420 1133 1484 sit
1142 1417 1200 1504 (5).

193 1553 227 1638 2)
251 1551 306 1638 qui
328 1549 451 1614 factum
473 1547 523 1625 sit,
543 1553 581 1609 ut
596 1545 698 1610 actori
712 1565 785 1609 cum
799 1543 959 1630 Apaturio
974 1542 1202 1609 commercium

250 1653 351 1734 fieret,
371 1659 523 1716 narratur
545 1647 579 1734 (6
591 1686 631 1695 -
643 1647 694 1733 8):

251 1756 285 1842 a)
307 1755 502 1842 Apaturium
531 1751 573 1816 ab
595 1773 634 1816 eo
656 1751 792 1838 petisse,
822 1757 859 1814 ut
879 1747 982 1814 XXX
1011 1748 1074 1815 sibi
1095 1750 1197 1813 minas

301 1866 430 1923 mutuus
452 1855 544 1920 daret
566 1853 621 1941 (6),

247 1962 282 2049 b)
305 1969 457 2041 actorem,
471 1980 545 2023 cum
559 1959 629 2044 ipss
643 1955 814 2044 pecuniam
829 1978 893 2022 non
905 1956 1082 2038 habuisset,
1094 1953 1197 2020 Hera-

302 2063 405 2128 clidae
436 2062 620 2145 argentario
648 2058 802 2148 praedem
831 2058 953 2124 factum
980 2081 1052 2124 esse
1072 2057 1199 2123 illarum

302 2165 407 2230 XXX
428 2166 588 2228 minarum
611 2162 643 2250 (7
653 2162 695 2248 a),

250 2287 282 2373 c)
305 2294 448 2351 actorem
469 2283 605 2369 Apaturi
632 2281 667 2346 in
689 2281 898 2368 suspitionem
919 2282 1074 2370 perfidiae
1095 2282 1200 2348 uocati

303 2409 421 2453 nauem
442 2395 475 2451 et
497 2407 608 2451 seruos
630 2384 780 2449 simulata
802 2386 961 2471 emptione
980 2386 1043 2451 sibi
1057 2385 1198 2450 uindica-

305 2493 405 2573 uisss,
432 2489 510 2554 dum
535 2498 567 2554 et
596 2487 699 2553 XXX
726 2486 801 2554 illae
829 2491 936 2555 minae
965 2497 998 2554 et
1020 2486 1052 2553 X
1085 2488 1199 2568 minae,

304 2615 384 2680 quas
422 2615 442 2658 a
469 2592 685 2657 Parmenonte
714 2591 892 2678 Apaturius
932 2599 1098 2658 mutuatus
1127 2599 1200 2670 eret,

302 2696 520 2762 redderentur.
543 2693 613 2779 (sb.
636 2694 679 2780 8).

434 2937 638 2988 TESTIMONIA
656 2937 877 2989 auctusnrvs.

97 3131 100 3135 ,
196 3060 230 3147 3)
253 3079 348 3145 quem
381 3057 423 3121 ad
460 3055 592 3123 modum
626 3056 852 3123 commercium
884 3056 963 3123 illud
993 3058 1133 3126 solutum
1162 3059 1200 3125 sit

253 3156 406 3226 narratur
427 3159 460 3246 (9
483 3193 525 3205 -
549 3158 611 3244 12).

251 3279 285 3369 a)
305 3279 517 3367 Apaturium,
545 3300 620 3344 cum
641 3277 835 3344 Heraclidae
862 3280 1081 3365 argentariam
1104 3277 1200 3348 dissoss

303 3383 406 3450 lutam
435 3403 507 3449 esse
536 3381 746 3468 conperisset,
771 3403 890 3448 nauem
917 3390 950 3448 et
980 3405 1091 3450 seruos
1114 3383 1197 3472 oppi-

305 3495 458 3575 gneratos
472 3478 673 3551 'subducendi
688 3493 840 3550 conatum
853 3485 978 3569 fecisse,
999 3488 1035 3552 in
1052 3508 1117 3574 quo
1133 3508 1199 3552 eum

306 3613 327 3656 a
349 3591 565 3656 Parmenonte
586 3586 784 3675 prohibitum
807 3610 878 3654 esse
900 3588 957 3676 (9).

249 3694 285 3780 b)
307 3715 405 3781 quam
428 3693 469 3759 ob
489 3712 559 3757 rem
581 3698 723 3755 actorem
738 3712 855 3757 nauem
870 3691 1084 3758 creditoribus
1098 3691 1196 3757 Hera-

175 3867 178 3875 ,
306 3795 409 3864 olidae
438 3793 628 3874 tradidisse,
658 3813 769 3859 seruos
794 3802 904 3860 autem
926 3794 987 3860 sibi
1010 3795 1198 3876 uindicasse,

307 3900 336 3966 si
358 3897 435 3985 quid
458 3895 584 3962 deesset
606 3896 683 3983 (10).

251 4004 282 4090 c)
304 4001 442 4069 eundem
464 3999 604 4088 Apaturi
637 4000 787 4066 conuitiis
824 4000 903 4067 nihil
937 4009 1061 4066 motum
1086 4022 1197 4068 nauem

305 4104 442 4172 XXXX
472 4102 569 4168 minis
600 4102 802 4184 uendidisse,
831 4111 867 4168 ut
888 4112 921 4169 et
941 4102 1152 4172 Parmenonti
1171 4109 1198 4168 et

309 4206 500 4275 Heraclidae
515 4205 731 4272 creditoribus
746 4205 825 4271 satis
845 4206 970 4273 iactum
982 4209 1024 4274 sit
1038 4209 1102 4296 (11.
1120 4206 1196 4291 Ida).
