2700 4658
580 191 896 314 ‘'94.

126 390 314 456 uideamus:
348 390 450 456 altera
478 379 671 480 'syngrapha
701 389 879 479 Apaturius
908 387 1011 454 XXX
1040 387 1145 452 minas
1179 385 1221 453 ab

127 494 303 559 Heraclide
325 515 360 560 so
381 503 564 561 mutuatum
585 518 656 562 esse
677 493 897 583 profitebatur,
926 515 991 581 qua
1012 492 1063 558 die
1084 489 1221 580 pecunia

126 598 294 670 reddenda
316 606 402 666 esset
423 598 679 665 constituebatur
692 599 724 686 ¹),
746 605 836 663 acmr
854 597 1011 664 debitoris
1031 619 1128 684 praes
1150 616 1221 662 esse

127 701 305 768 dicebatur.
348 723 409 768 neo
424 725 500 769 uero
521 704 635 769 iamin
657 702 719 768 hao
742 701 929 789 syngrapha
942 700 1087 788 pignoris
1102 700 1221 766 mentio

125 805 258 878 uidetur
285 807 372 872 facta
409 828 495 873 esse:
536 826 613 873 nam
643 805 838 873 Heraclidae
874 805 1027 872 damnum
1057 812 1223 894 praestare

127 907 241 974 debuit
263 918 366 993 actor,
399 933 503 998 aquo
527 919 564 977 ut
592 911 634 977 ab
665 911 815 998 opulento
844 908 974 977 homine
995 908 1102 976 cautio
1134 906 1222 973 nulla

125 1010 362 1099 postulabatur.
820 1039 821 1042 ¹

215 1114 318 1180 altera
340 1125 449 1182 autem
469 1117 658 1206 syngrapha
679 1117 858 1207 Apaturius
883 1122 916 1181 et
936 1113 1039 1181 XXX
1060 1114 1165 1180 minas
1188 1137 1224 1181 se

126 1217 323 1284 Heraclidae
354 1218 472 1286 debere
503 1224 651 1307 agnoscit
680 1231 714 1289 et
742 1222 776 1287 X
804 1221 909 1287 minas
937 1242 997 1306 per
1025 1228 1167 1286 actorem
1189 1240 1224 1283 se

127 1323 294 1408 accepisse
309 1323 486 1410 profitetur.
530 1324 599 1393 dies
614 1326 731 1392 deinde
751 1325 926 1392 soluendae
938 1324 1096 1412 pecuniae
1111 1320 1225 1387 eadem

127 1425 305 1491 constituta
334 1426 463 1493 uidetur
492 1451 563 1510 esse
599 1438 697 1515 atque
731 1429 766 1494 in
796 1428 899 1494 altera
928 1424 1131 1514 syngrapha,
1160 1447 1223 1512 quo

127 1529 236 1593 minor
266 1538 351 1594 esset
382 1530 553 1597 difficultas
582 1533 618 1596 in
645 1541 814 1598 contractu
843 1529 1007 1596 soluendo.
1058 1530 1124 1595 iam
1146 1551 1223 1594 uero

127 1630 245 1696 eadem
272 1634 308 1696 in
338 1634 527 1722 syngrapha
548 1636 809 1702 constituendum
838 1642 925 1717 erat,
954 1632 1071 1721 quibus
1093 1633 1224 1699 tandem

127 1736 288 1823 pecuniae
318 1736 503 1804 reddendae
541 1749 656 1805 essent.
714 1738 817 1805 XXX
846 1738 976 1826 quidem
1011 1735 1085 1803 illae
1117 1737 1224 1805 minae

128 1838 266 1904 dubium
296 1860 362 1905 non
390 1851 440 1906 est
470 1843 548 1928 quin
577 1845 640 1930 ipsi
668 1841 864 1908 Heraclidae
884 1841 1068 1907 reddendae
1094 1839 1225 1922 fuerint,

127 1944 176 2009 ita
198 1952 307 2008 tamen
329 1942 488 2027 uidelicet,
508 1954 545 2010 ut
566 1956 656 2012 actor
680 1948 771 2011 testis
791 1947 977 2011 interesset:
1003 1943 1163 2031 uambae
1185 1942 1226 2009 de

128 2047 270 2135 pecunia
300 2049 472 2134 separatim
499 2049 720 2136 syngrapham
748 2049 948 2136 conpositam
977 2071 1047 2113 esse
1077 2057 1109 2112 et
1140 2046 1226 2111 hano

129 2150 302 2238 pecuniam
325 2149 366 2215 ab
388 2150 459 2239 ipso
481 2152 654 2219 Heraclide
676 2151 836 2240 Apaturio
858 2151 1010 2217 traditam
1034 2173 1105 2217 esse
1128 2172 1226 2238 supra

131 2253 309 2318 docuimus.
352 2253 387 2317 X
410 2264 517 2320 autem
539 2255 612 2321 illae
635 2257 757 2331 minae,
780 2259 862 2344 quas
888 2277 946 2344 per
973 2263 1114 2321 actorem
1136 2255 1224 2341 Apa·

129 2357 236 2423 turius
253 2356 502 2425 aParmenonte
518 2368 696 2446 acceperat,
712 2360 781 2425 sine
796 2359 895 2425 dubio
910 2361 1120 2426 constitutum
1134 2357 1226 2444 θεῖ’),

132 2470 169 2526 ut
183 2482 250 2526 non
264 2461 328 2549 ipsi
341 2461 552 2528 Parmenonti
567 2463 624 2528 aed
640 2464 741 2528 actori
756 2463 978 2528 redderentur:
999 2461 1227 2527 Parmenontis

131 2564 230 2647 enim,
253 2565 372 2652 quippe
394 2565 449 2649 qui
469 2566 539 2652 ipse
562 2575 762 2632 contractum
776 2566 885 2631 facem
908 2564 1117 2651 uerereturt),
1138 2565 1173 2629 in
1188 2585 1228 2628 ea

132 2665 323 2755 syngrapha
343 2668 464 2733 mentio
487 2669 575 2735 faeta
597 2690 668 2734 esse
681 2666 820 2752 ‚uidetur
841 2667 944 2751 nulla,
968 2668 1032 2734 nisi
1053 2668 1136 2733 torte
1159 2667 1227 2730 eius

130 2793 250 2837 nomen
270 2771 354 2836 inter
375 2772 505 2837 testium
526 2774 658 2838 nomina
673 2771 889 2860 subscriptum
911 2782 989 2839 erat.
1032 2793 1108 2836 nam
1124 2770 1228 2835 soluto

131 2881 302 2940 contractu
317 2896 434 2939 nauem
457 2874 587 2961 quidem
601 2854 695 2941 euelli
715 2874 866 2962 prohibet
881 2877 938 2941 sed
957 2885 1065 2941 tamen
1080 2897 1146 2939 non
1168 2895 1226 2938 suo

131 2977 283 3057 nomine,
312 2979 432 3067 quippe
455 2980 510 3066 qui
532 2989 674 3045 actorem
703 2987 847 3043 accersat
876 2979 961 3066 (10):
984 2979 1030 3045 ibi
1052 2987 1158 3060 actor,
1187 2999 1228 3042 ne

130 3081 318 3146 Parmenon
339 3080 494 3148 damnum
516 3083 623 3162 faeiat,
645 3082 785 3169 Apaturi
809 3083 910 3147 seruis
934 3083 1057 3169 potitur
1078 3102 1137 3148 nec
1157 3081 1229 3167 ipse
1319 3084 1326 3096 ’

131 3186 318 3251 Parmenon
346 3185 410 3250 sibi
438 3187 602 3274 prospicit.
658 3206 757 3274 porro
786 3185 820 3249 in
850 3185 1039 3274 syngrapha
1068 3185 1229 3271 emptione

133 3287 288 3355 simulata
302 3288 514 3369 constituitur,
536 3297 573 3352 ut
586 3297 618 3354 et
632 3290 726 3353 nauis
741 3297 773 3353 et
795 3290 889 3368 serui,
905 3291 960 3376 qui
981 3289 1120 3374 remiges
1134 3287 1230 3353 nauis

132 3395 236 3460 fuisse
265 3391 416 3457 uidentur
425 3392 466 3477 ⁴),
496 3391 614 3457 actoris
643 3391 721 3474 sint,
751 3391 827 3456 dum
854 3390 991 3456 XXXX
1018 3391 1093 3456 illae
1120 3392 1229 3457 minae

207 3550 235 3619 1)
251 3547 342 3602 ueluti
360 3551 403 3601 est
419 3545 566 3600 XXXVII.
590 3547 619 3602 5:
639 3547 785 3616 τιθέμεθα
812 3547 983 3618 συγγραφὰς,
1006 3551 1038 3601 ἐν
1056 3545 1101 3602 als
1119 3587 1125 3601 .
1145 3587 1152 3601 .
1170 3538 1231 3614 nir

131 3640 312 3712 γεγραμμένη
332 3673 339 3688 .
357 3674 364 3688 .
383 3676 389 3690 .
409 3631 482 3689 λύσις
502 3632 593 3701 τούτῳ
612 3630 679 3703 παρ’
702 3630 785 3703 ’ἡμῶν
805 3637 837 3686 t'v
854 3652 913 3686 τινι
930 3635 1007 3706 ῥητῷ
1026 3632 1127 3708 χρῦνῳ.

207 3723 238 3792 2)
256 3720 292 3776 cf.
312 3719 448 3776 Schaefer
465 3736 533 3793 pag.
551 3722 619 3776 297:
647 3721 707 3775 101³
728 3719 785 3774 lieh
803 3721 964 3776 Parmenon
983 3721 1046 3777 dem
1064 3722 1230 3793 Apaturius,

133 3827 201 3867 anm
220 3809 271 3863 teil
287 3812 370 3863 anter
387 3807 571 3879 vermittlung
590 3807 639 3861 des
658 3807 816 3877 spreohers,
845 3807 897 3861 auf
917 3807 1019 3864 dassen
1036 3825 1139 3864 namen
1157 3809 1230 3865 auch

134 3898 184 3954 die
203 3895 306 3952 schuld
323 3894 506 3967 eingetragen
524 3893 627 3949 warde.

207 3983 238 4055 3)
258 3981 342 4039 adada
359 3986 411 4050 μὲν
431 3974 482 4034 oda
502 3980 551 4036 oda
568 3979 699 4048 ἐβούλετο
713 3981 896 4052 (Parmenon)
914 3982 1094 4038 aorr'oaodar
1110 3984 1144 4038 τὸ
1163 4004 1231 4053 συμ-

132 4069 265 4139 βόλαιον,
285 4073 333 4138 ἐμὲ
353 4065 379 4122 δ’
400 4067 506 4122 ἐκέλευε
524 4069 632 4142 πρᾶξαι
651 4066 728 4125 ὅπως
746 4067 822 4137 αὐτῷ
850 4067 886 4125 ὡς
903 4065 1099 4140 ἀσφαλέστατα
1118 4071 1182 4134 ἔξει.

208 4158 237 4224 4)
254 4155 291 4211 cf.
309 4155 422 4211 Darest
441 4143 506 4228 pag.
524 4156 578 4211 214
596 4161 654 4211 not.
673 4157 704 4210 6:
729 4171 775 4210 ces
793 4157 919 4210 molares
937 4156 1044 4212 etaient
1059 4175 1126 4213 sans
1145 4159 1230 4216 doute

138 4244 299 4316 l'dquipage
317 4244 356 4298 du
373 4243 471 4299 navire
489 4242 692 4312 d’Apatourios.
