2700 4658
567 266 778 331 ..47-

125 432 222 497 ratio.
274 434 342 516 ,tris
371 437 435 500 res‘
461 446 498 501 ut
527 437 573 502 ait
596 435 824 524 cornificium)
853 435 934 503 rhet.
964 436 1007 502 ad
1028 437 1169 504 Herenn.
1191 437 1218 504 Ι.

126 535 157 598 9.
183 536 233 604 14.
262 540 423 616 ,conuenit
443 539 563 606 habere
585 541 812 622 narrationem,
834 550 870 605 ut
890 540 999 606 breuis
1022 548 1059 604 ut
1080 541 1221 605 dilucida

127 646 165 702 ut
186 639 254 704 ueri
276 641 386 706 similis
413 644 473 707 sit.t
516 643 717 730 probabilem
739 643 869 730 quidem
884 654 917 709 et
930 645 1134 732 perspicuam
1150 665 1220 708 esse

128 744 344 810 narrationem
382 747 536 813 orationis
568 745 723 811 XXXIII
755 748 869 832 negari
901 770 967 814 non
1004 755 1127 833 potest,
1162 746 1221 811 sed

130 844 320 912 breuitatem
344 848 492 935 equidem
514 849 636 915 nullam
658 849 762 914 uideo.
814 851 932 915 etenim
953 871 1037 936 quae
1058 851 1123 914 iarn
1144 848 1221 913 inde
1314 837 1321 847 ’

132 969 150 1011 a
178 951 385 1036 paragrapho
411 962 527 1040 quarta
548 951 710 1041 usquead
732 951 974 1038 paragraphum
996 951 1221 1019 duodecimam

133 1062 316 1134 narrantur,
355 1065 392 1120 ut
420 1058 559 1142 priorem
589 1063 788 1121 contractum
818 1055 958 1120 solutum
987 1077 1059 1119 esse
1088 1054 1219 1120 demon·

135 1163 261 1232 stratur,
290 1155 392 1224 multo
421 1158 630 1246 paucioribus
656 1159 764 1228 uerbis
786 1158 912 1225 absolui
933 1167 1091 1244 poterant.
1143 1181 1220 1224 nam

135 1256 163 1321 id
187 1280 287 1324 unum
316 1261 451 1327 interest
480 1263 562 1327 scire
589 1262 729 1344 iudices,
751 1270 868 1348 'exstet
894 1270 1078 1328 contractus
1100 1283 1221 1327 neone:

137 1361 244 1445 quibus
274 1374 383 1429 autem
412 1366 600 1452 exponitur,
631 1387 696 1452 qua
720 1367 846 1431 ratione
867 1365 974 1453 pactio
996 1364 1051 1430 illa
1073 1364 1221 1430 confecta

138 1465 179 1550 sit,
200 1489 238 1532 ea
261 1469 289 1532 si
310 1490 376 1533 non
397 1490 530 1555 prorsus
553 1469 666 1551 otiosa,
688 1477 797 1533 tamen
819 1469 918 1534 multo
934 1467 1082 1553 longiora
1097 1467 1220 1555 sunt2).

211 1592 272 1637 nec
302 1573 537 1656 argumentatio
565 1571 686 1636 nullam
715 1570 921 1659 uituperandi
943 1593 1056 1636 ansam
1078 1570 1222 1658 praebet.

139 1693 194 1738 non
213 1695 334 1760 premo,
356 1674 443 1759 qnod
464 1675 647 1741 testimonio
669 1674 840 1762 probatam
859 1696 930 1739 esse
944 1696 1014 1739 rem
1029 1673 1114 1756 dicit,
1129 1675 1220 1740 cuius

141 1776 179 1838 rei
199 1778 289 1843 testis
311 1801 377 1843 non
398 1779 575 1864 productus
602 1786 650 1842 est
673 1814 712 1825 -
736 1778 776 1841 of.
798 1780 826 1858 ξ.
849 1778 900 1843 30.
922 1771 1011 1843 ἄλλα
1030 1770 1100 1860 μὴν
1118 1775 1221 1842 τοῦτο

140 1873 376 1965 μεμαρτύρηται
398 1879 495 1966 ὑμῖν,
525 1876 579 1949 ὅτι
601 1929 608 1943 .
631 1934 637 1948 .
661 1934 667 1946 .
691 1933 698 1948 .
722 1874 856 1958 ἐζήτουν
878 1885 990 1965 ἑτέρας
1014 1874 1220 1964 [συνθήκας]

141 1974 324 2069 γράφεσθαι
350 1985 420 2051 κτλ.
442 1984 480 2051 cl.
503 1988 531 2066 ξ.
555 1984 610 2063 19,
640 1982 696 2048 ubi
728 1981 850 2047 nullum
873 1991 980 2047 exstat
1001 1983 1220 2048 testimonium

142 2117 173 2130 —
192 2107 265 2150 nam
295 2086 356 2152 hoc
379 2096 448 2152 arte
470 2096 674 2175 procreatum
696 2085 792 2150 alicui
813 2086 979 2150 uideatur:
1005 2086 1062 2150 sed
1084 2108 1149 2151 non
1171 2087 1218 2148 in-

140 2184 213 2252 iuria
238 2188 523 2277 reprehendendus
553 2190 682 2255 uidetur
709 2191 744 2254 in
775 2211 830 2271 eo,
858 2189 944 2275 quod
967 2194 995 2272 ξ.
1017 2190 1067 2254 30.
1096 2189 1220 2254 firmius

140 2300 349 2373 argumentum
380 2291 463 2379 (πῶς
493 2293 609 2380 ὀρθῶς
632 2285 675 2358 olo
698 2293 770 2377 ἐμοὶ
793 2287 980 2374 δικάζοιτο,
1006 2287 1083 2357 καθ’
1111 2285 1151 2358 οὗ
1170 2284 1219 2374 μὴ

142 2391 194 2475 ἔχει
218 2398 457 2482 παρασχέσθαι
486 2390 674 2479 συνθήκας)
703 2406 777 2481 post
807 2395 963 2459 infirmius
990 2392 1090 2481 (πολὺ
1111 2390 1219 2482 γαρὸ

141 2487 224 2577 λόγος
245 2493 288 2578 ἦν
308 2523 368 2584 μοι
390 2492 596 2584 ἰσχυρότερος
618 2495 841 2582 ὁμολογοῦντι
862 2491 923 2576 τὴν
945 2493 1063 2582 ἐγγύην
1085 2499 1138 2562 ἐπὶ
1158 2490 1219 2570 τὰς
1270 2525 1272 2528 >

142 2601 302 2680 συνθήκας
325 2603 424 2688 ἱέναι)
446 2601 625 2682 collocarit,
647 2609 684 2664 ut
704 2622 809 2686 paene
830 2600 946 2665 lateret
956 2605 993 2682 ³).

214 2704 372 2790 epilogum
389 2704 536 2791 denique,
559 2703 708 2792 quamuis
722 2703 880 2769 breuitate
897 2726 957 2768 sua
971 2701 1123 2769 notabilis
1139 2704 1219 2787 sil⁴)‚

141 2807 236 2870 tamen
263 2808 413 2896 equidem
441 2831 506 2874 non
534 2806 811 2896 reprehenderim:
848 2828 924 2872 nam
955 2809 1073 2893 optime
1103 2807 1219 2873 actoris

140 2906 243 2975 rationi
264 2922 297 2976 et
318 2911 460 2977 moribus
483 2900 641 2991 conuenit,
664 2911 719 2997 qui
738 2911 868 2998 quidem
884 2911 970 2977 bona
985 2896 1102 2979 caussa
1117 2909 1219 2974 fretus

140 3003 266 3078 iudicum
289 3014 539 3083 beniuolentiam
562 3028 695 3102 captare
717 3036 783 3080 non
807 3015 880 3081 uolt.

213 3115 302 3184 Haec
328 3119 369 3184 de
398 3119 608 3208 dispositione
639 3117 829 3183 disseruisse
853 3121 931 3184 satis
953 3118 1069 3186 habeo.
1121 3118 1217 3183 uenio

140 3229 214 3283 nunc
241 3221 283 3287 ad
310 3222 540 3305 elocutionem,
569 3245 610 3288 ex
637 3244 702 3309 qua
728 3221 878 3287 facillime
900 3222 1123 3306 intellegemus
1146 3243 1216 3286 ora·

139 3311 244 3389 tionem
277 3325 362 3391 hano
391 3351 412 3392 a
442 3326 662 3392 Demosthene
691 3326 891 3413 conpositam
921 3347 992 3391 esse
1019 3347 1084 3391 non
1113 3346 1216 3411 posse.

139 3435 170 3480 ὅθ
190 3427 323 3510 primum
345 3431 475 3518 quidem
585 3434 586 3437 ’

138 3605 329 3630 χὴ-

199 3733 223 3803 1)
241 3735 275 3789 cf.
295 3735 490 3791 Volkmannus
508 3752 572 3806 pag.
593 3738 643 3790 113
661 3753 756 3805 proxx.

195 3819 223 3890 2)
239 3821 276 3879 cl.
293 3822 424 3899 §omitia
442 3823 513 3877 rhet.
529 3825 566 3878 ad
584 3823 708 3878 Herenn.
725 3822 748 3880 1.
767 3824 792 3879 9.
811 3823 857 3876 14:
879 3837 939 3876 rem
957 3820 1081 3875 breuiter
1099 3835 1215 3874 narrare

136 3901 284 3980 poterimus,
303 3911 326 3964 si
345 3910 410 3964 inde
428 3910 595 3981 incipiemus
613 3927 739 3979 narrare,
758 3910 833 3964 unde
851 3924 966 3971 necesse
987 3907 1050 3976 erit,
1068 3913 1097 3960 et
1115 3906 1139 3960 si
1158 3925 1216 3962 non

137 3979 166 4034 al)
183 3991 275 4051 ultimo
293 3998 373 4053 initio
391 4004 517 4066 repetere
536 3998 675 4052 uolumus.
697 4001 700 4007 '

197 4080 223 4150 3)
240 4083 275 4138 cf.
295 4084 352 4139 Cio.
372 4084 465 4138 deor.
484 4084 574 4140 1177.
593 4085 659 4139 313:
679 4083 760 4138 etiam
779 4083 809 4137 in
826 4083 875 4137 illo
887 4081 1062 4152 reprehendo
1082 4097 1138 4146 eos,
1157 4079 1215 4151 qui,

138 4165 202 4222 luae
220 4169 330 4226 minime
348 4170 430 4225 firma
448 4176 521 4241 sunt,
540 4188 574 4226 ea
592 4171 682 4241 prima
700 4169 847 4227 collocant.

195 4254 222 4326 4)
238 4256 274 4313 el.
295 4257 459 4314 Volkmann.
478 4277 544 4333 pag.
563 4261 623 4316 214.
