2700 4658
565 223 774 287 ..24-

126 420 190 485 quo
212 398 240 461 is
262 395 318 483 qui
333 403 466 459 accusat
486 393 613 474 fruitur,
635 401 672 457 ut
688 392 761 480 plus
784 393 814 456 ei
836 393 911 457 fidei
932 393 1100 475 habeatur,
1122 367 1217 481 quam

127 501 234 588 siqui
256 507 427 564 accusatus
450 506 513 579 est,
544 497 671 583 ipsese
694 495 999 585 planepriuauerit.
1043 497 1135 582 atqui
1156 518 1216 582 quo

123 606 193 669 iure
221 602 401 689 Apaturius
429 600 678 665 Parmenontem
707 602 924 682 accusauerit,
960 623 1025 665 non
1055 609 1104 665 est
1134 601 1217 687 quod

127 707 223 773 anxie
239 725 449 792 quaeramus:
473 726 550 768 nam
564 703 651 789 quod
665 704 833 769 consilium
849 705 1008 769 actionem
1022 689 1217 768 intendendo

128 820 255 877 secutus
278 809 320 873 sit
339 807 411 872 lucc
433 806 552 872 clarius
574 815 638 871 est:
666 806 769 873 noluit
790 808 968 895 Apaturius
995 828 1067 871 cum
1088 806 1218 872 Parme-

126 922 224 980 nonte
247 910 335 998 apud
355 910 478 975 iudices
503 908 575 993 lege
597 931 711 995 agere,
741 910 798 976 scd
819 910 898 974 iuris
919 910 1048 974 iurandi
1078 910 1164 995 quod
1185 931 1218 974 se

128 1018 278 1083 dauuum
299 1015 491 1102 promiserat
514 1011 660 1079 soluendi
680 1014 786 1097 gratia
807 1035 927 1078 nouam
949 1012 1037 1078 litem
1061 1022 1178 1079 mouet.

213 1141 296 1207 quae
318 1139 391 1183 cum
411 1117 459 1182 ita
481 1116 553 1196 sint,
575 1138 640 1182 non
663 1125 750 1181 <arto
766 1115 848 1180 solui
868 1124 977 1203 potest
998 1117 1144 1202 quaestio
1167 1116 1219 1180 illa

129 1246 226 1312 quam
247 1219 481 1287 Hudtwalckcr
511 1218 533 1288 l.-
553 1218 589 1284 cl.
611 1241 686 1307 pag.
709 1221 752 1287 55
780 1219 964 1305 proposuit,
998 1219 1145 1304 legitima
1167 1220 1219 1283 uia

129 1325 308 1415 Apaturius
337 1325 388 1389 ius
417 1321 591 1389 iurandum
619 1320 762 1388 oblatum
788 1320 920 1387 soluerit
948 1343 1058 1387 necne.
1103 1323 1219 1388 etenim

131 1431 159 1494 si
173 1426 364 1517 antigraphe
379 1448 429 1509 ea,
444 1448 543 1513 quam
558 1447 668 1490 ueram
684 1425 828 1507 dicimus,
843 1447 921 1489 usus
939 1433 995 1505 est,
1010 1434 1047 1489 ut
1061 1425 1218 1491 actionem

129 1533 240 1606 αἰκίας
254 1530 464 1596 Parmenonti
477 1527 668 1612 intenderet,
689 1528 740 1592 ius
754 1529 926 1593 iurandum
939 1528 1081 1613 legitime
1095 1529 1219 1592 irritum

129 1637 250 1700 factum
280 1643 343 1714 est,
376 1633 452 1719 quia
477 1631 703 1697 Parmenontis
732 1653 848 1697 caussa
877 1641 909 1697 et
938 1630 1116 1696 differenda
1146 1640 1219 1710 erat,

130 1739 206 1802 dum
236 1738 275 1802 de
304 1733 498 1821 antigrapho
529 1737 693 1819 cognitum
723 1744 824 1816 esset,
856 1757 918 1802 nec
950 1737 1013 1800 nisi
1041 1735 1218 1821 Apaturius

129 1841 234 1904 uictus
257 1850 350 1920 esset,
372 1837 532 1903 adfinem
553 1836 686 1924 perduci
707 1840 880 1926 poterat1).
925 1841 975 1904 sin
998 1848 1106 1905 autem
1125 1837 1219 1904 aliam

130 1943 218 2010 litem
247 1943 299 2007 uel
328 1933 458 2026 βλάβης
488 1939 541 2005 uel
569 1941 690 2026 βιαίων
709 1942 849 2007 intendit
865 1943 1061 2029 Apaturius,
1090 1942 1219 2028 negotia

127 2047 331 2112 facessiuisse
362 2043 594 2110 existimandus
625 2052 691 2109 est:
721 2067 797 2110 nam
825 2045 871 2109 ita
897 2045 1148 2111 Parmenontem
1170 2067 1219 2110 ac·

128 2150 270 2230 curauit,
301 2171 367 2215 non
394 2157 430 2212 ut
458 2148 585 2211 actione
610 2149 769 2229 uinceret,
798 2148 855 2213 sed
880 2157 916 2212 ut
937 2150 980 2214 ad
1008 2148 1146 2215 arbitros
1168 2149 1219 2214 eli·

130 2253 254 2338 gendos
280 2251 502 2316 aduersarium
530 2249 712 2337 inpelleret,
745 2251 839 2317 sicuti
860 2251 1021 2332 Boeotus,
1050 2259 1087 2316 ut
1117 2251 1219 2316 dicam

130 2355 192 2422 sibi
213 2357 371 2420 intentam
392 2355 581 2440 reprimeret
602 2360 634 2417 et
655 2351 833 2434 dirimeret,
859 2356 1017 2420 actionem
1039 2365 1154 2420 contra
1175 2356 1218 2419 in-

128 2458 232 2523 tendit
262 2479 298 2524 eo
329 2457 498 2522 dumtaxat
527 2455 676 2535 consilio,
710 2464 747 2520 ut
776 2456 982 2523 aduersarius
1011 2457 1140 2543 litigare
1168 2458 1217 2522 de-

130 2561 256 2626 sisteret
278 2570 310 2626 et
330 2568 467 2647 utraque
488 2579 604 2625 caussa
626 2557 757 2623 arbitris
773 2558 968 2626 diudicanda
990 2560 1173 2628 traderetur
1185 2562 1217 2648 2).

215 2671 287 2726 utut
301 2671 379 2742 erat,
390 2663 433 2727 ad
448 2663 702 2749 conpromissum
715 2684 767 2727 res
783 2661 923 2733 adducta
934 2673 983 2728 est
993 2665 1027 2749 ³),
1057 2664 1218 2750 litigantes

129 2765 187 2831 tris
203 2766 360 2832 diaetetas
382 2767 527 2852 priuatos
552 2765 608 2852 qui
630 2766 781 2831 dicuntur
801 2766 848 2831 ita
864 2765 926 2832 sihi
948 2778 1163 2854 sumpserunt,
1186 2775 1218 2831 ut

129 2891 229 2934 unum
252 2870 461 2934 communiter
482 2869 669 2954 deligerent,
689 2868 876 2935 Phocritum
897 2870 1094 2957 Byzantium
1120 2891 1217 2957 popu-

129 2970 229 3036 larem
251 2994 355 3056 suum,
385 2972 529 3057 singulos
551 2971 743 3057 adiungeret
766 2981 917 3060 uterque,
946 2974 1125 3060 Apaturius
1146 2973 1216 3038 Ari-

201 3179 228 3244 1)
245 3176 419 3231 cf.Platner.
437 3175 460 3229 1.
478 3193 543 3248 pag.
558 3177 618 3232 251.
654 3176 876 3247 Schoemannus,
894 3179 942 3249 qui
960 3178 1037 3234 litem
1055 3178 1217 3233 instructam

131 3261 300 3332 antigrapho
320 3263 436 3318 dilatam
459 3279 522 3320 esse
543 3263 662 3335 negitat,
691 3264 744 3318 sibi
766 3271 892 3331 constat,
919 3282 983 3319 cum
1001 3265 1036 3319 de
1060 3264 1115 3320 litt.
1133 3265 1218 3321 Attio.

128 3365 195 3422 pag.
210 3351 269 3416 690,
288 3355 345 3405 not.
358 3352 383 3405 7.
401 3350 481 3405 dicit:
500 3350 538 3406 ob
556 3350 615 3405 und
632 3350 662 3404 in
680 3351 732 3405 wie
748 3350 812 3405 fern
824 3368 879 3407 von
897 3352 987 3408 einem
999 3351 1153 3423 beklagten
1172 3352 1228 3407 der⁴

128 3435 186 3490 ihm
198 3437 413 3507 augeschobenc
422 3438 481 3491 und
494 3453 715 3510 angenommene
724 3436 769 3492 eid
783 3439 871 3494 durch
881 3440 943 3494 eine
956 3439 1116 3494 seinerseits
1128 3455 1218 3514 gegen

131 3522 187 3577 den
203 3530 393 3594 provocanten
412 3524 551 3581 erhobene
562 3522 734 3596 widerlrlage
753 3524 829 3581 habe
846 3543 1007 3600 umgangen
1019 3526 1133 3581 werden
1152 3527 1217 3581 ttin·

128 3626 184 3665 nen
201 3609 294 3681 (Dem.
313 3629 341 3685 g.
359 3613 476 3684 Apatur.
495 3629 516 3667 s.
534 3613 595 3668 896.
612 3611 668 3682 27),
692 3610 779 3666 sehen
796 3613 967 3687 wiruebenso
985 3613 1077 3684 wenig
1097 3614 1153 3681 ein,
1178 3613 1217 3669 als

128 3695 329 3752 Hudtwalcker
346 3716 366 3755 s.
384 3700 426 3754 55.
445 3699 487 3755 56.

196 3785 224 3854 2)
246 3783 346 3858 [Deam]
372 3784 492 3841 XXXX.
516 3786 560 3841 39·
595 3785 631 3839 ἂν
654 3783 684 3838 δὲ
707 3784 782 3859 λέγῃ,
811 3785 848 3844 ὡς
875 3786 1022 3850 ἀξιοῦντος
1046 3789 1133 3842 αὺτοῦ
1157 3794 1216 3843 ὀπι-

127 3875 230 3942 τρέψαι
246 3870 363 3925 Κόνωνι
386 3877 427 3939 τῷ
447 3873 589 3941 Τιμοθέου
611 3875 660 3927 οὐκ
681 3870 837 3941 ἐβουλόμην
855 3879 1026 3946 ἐπιτρέπειν,
1046 3877 1216 3944 ἐνθυμεῖσθε

129 3956 165 4014 ὥς
177 3957 323 4019 ἐξαπατᾶν
336 3951 406 4027 riparia
417 3957 593 4030 ἐπιχειρήσει,
610 3959 645 4013 cl.
658 3959 700 4015 17.
728 3960 792 4012 οὔτε
801 3967 854 4013 νῦν
866 3967 932 4031 περὶ
943 3966 1062 4014 ἐκείνων
1075 3963 1165 4030 εἴληχέ
1170 3982 1216 4031 μοι

130 4038 211 4107 δίκην
230 4040 370 4112 οὐδεμίαν,
392 4039 461 4098 ἄλλα
481 4049 547 4117 περὶ
566 4043 658 4098 ἄλλων
681 4050 770 4099 τινῶν
793 4045 911 4101 λοόειν
933 4052 1006 4103 τοῖς
1028 4047 1215 4120 ἐγκλήμασι

127 4131 269 4186 τούτοις
286 4131 350 4196 τὴν
368 4130 466 4196 δίκην
484 4130 614 4196 ταύτην
632 4130 803 4200 οἰόμενος.

150 4230 152 4234 ·
196 4218 225 4287 a>
243 4213 283 4291 ξε
303 4217 414 4274 14-18.
