2700 4658
199 118 281 184 libro
304 118 345 183 de
366 119 458 184 hiatu
479 117 567 205 apud
589 125 734 183 oratores
752 115 880 183 Atticos
901 138 975 204 pag.
999 117 1060 183 151
1083 125 1116 181 et
1130 114 1293 182 Arnoldus

118 246 122 253 ’
200 221 355 290 Schaefer
375 222 395 288 l.
417 220 456 286 cl.
477 220 658 286 orationem
671 219 761 286 illam
776 219 1028 286 aDemosthene
1042 219 1293 286 abiudicandam

201 346 272 390 esse
302 325 542 401 existimarunt,
572 322 750 410 horumque
780 323 918 407 uestigia
942 324 1126 409 nuperrime
1147 344 1293 408 pressere

198 427 345 492 Blassius
366 428 401 491 in
416 425 467 490 III
490 427 530 491 de
546 428 727 492 Atticorum
746 427 929 512 eloquentia
951 427 1114 491 uolumine
1138 447 1214 513 pag.
1230 427 1293 490 415

199 552 330 618 proxx.,
361 531 416 616 qui
446 529 576 616 quidem
597 529 705 617 paullo
728 531 911 595 accuratius
934 550 1029 616 quam
1051 529 1233 615 superiores
1256 528 1295 592 de

201 631 355 699 orationis
379 655 497 716 genere
520 633 679 713 disseruit,
702 641 735 698 et
751 633 917 698 Gustauus
932 631 1083 698 Gebauer
1096 633 1131 697 in
1145 631 1230 697 libro
1246 631 1295 713 ,de

198 735 415 822 hypotacticis
437 745 470 800 et
491 738 700 823 paratacticis
723 736 905 821 argumenti
927 757 969 800 ex
990 737 1153 801 contrario
1172 734 1294 802 formis‘

200 838 263 903 hoc
289 859 374 902 anno
398 836 603 904 Zwiccauiae
633 840 800 925 euolgsto,
834 840 890 926 qui
916 861 947 904 u.
970 837 1016 917 d.‚
1045 860 1120 902 cum
1141 836 1296 905 XXXIII

202 943 380 1006 orationem
418 941 584 1024 laudaret,
620 926 849 1009 Demosthenis
885 962 1003 1006 nomen
1031 941 1123 1006 uncis
1155 939 1293 1005 inclusit

202 1051 315 1107 contra
342 1045 397 1128 qui
428 1046 606 1111 orationem
627 1045 716 1111 illam
738 1043 951 1111 Demostheni
973 1054 1083 1130 aperte
1105 1042 1294 1123 uindicaret,

203 1168 298 1218 nemo
329 1147 480 1212 inuentus
510 1159 560 1214 est
589 1160 716 1235 praeter
737 1148 893 1215 Ioannem
914 1147 1155 1229 Romanunm,
1185 1146 1294 1233 quiin

203 1248 467 1336 praefatiunculis
501 1251 543 1315 ad
576 1251 806 1317 Demosthenis
839 1252 1004 1316 orationes
1041 1249 1295 1339 paragraphicas

204 1353 265 1417 hoe
295 1352 409 1417 saltem
443 1352 540 1419 dixit:
570 1377 636 1419 non
664 1377 734 1420 esse
763 1375 861 1440 quam
891 1352 933 1418 ob
961 1355 1155 1419 remoratio
1178 1353 1295 1418 Demo-

205 1454 327 1520 sthenis
358 1475 429 1518 esse
451 1477 517 1520 non
538 1465 659 1542 posset.
711 1478 795 1543 quae
817 1478 890 1521 cum
912 1456 960 1520 ita
981 1457 1055 1537 sint,
1077 1456 1163 1521 dicet
1182 1455 1296 1542 aliquis

204 1543 230 1622 ci
257 1557 410 1641 βέλτιστε
439 1552 487 1642 μὴ
508 1558 624 1643 γλαῦκ’
645 1564 688 1634 εἰς
704 1555 868 1638 Ἀθήνας.
910 1581 977 1623 non
998 1580 1113 1625 uereor
1134 1558 1297 1645 equidem:

205 1684 280 1728 nam
304 1660 458 1728 Schaefer
474 1670 505 1726 et
519 1661 661 1726 maxime
675 1662 832 1744 Blassius,
852 1683 1049 1748 quamquam
1063 1661 1098 1726 in
1112 1664 1298 1726 uniuersum

203 1773 291 1830 recte
320 1764 482 1830 iudicasse
509 1764 716 1829 existimandi
745 1773 838 1845 sunt,
869 1773 993 1846 tamen,
1023 1766 1078 1850 qui
1107 1774 1201 1830 erant
1220 1765 1298 1830 fines

207 1888 318 1932 eorum
348 1864 438 1930 libris
462 1867 671 1953 praescripti,
700 1888 765 1931 non
787 1877 854 1930 tam
878 1865 1181 1932 demonstrsuerunt
1204 1889 1299 1954 quam

204 1970 432 2035 indicauerunt
463 1969 640 2033 orationem
669 1968 757 2034 illam
789 1967 1050 2035 aDemosthene
1077 1992 1148 2034 esse
1178 1969 1300 2036 abiudi-

205 2070 451 2139 cundamzmihi
462 2080 572 2136 autem
582 2073 727 2158 contigit,
738 2081 775 2136 ut
787 2071 916 2157 singule
926 2081 1119 2158 argumenta
1130 2073 1299 2158 diligenter

207 2174 427 2261 conquirerem
458 2184 491 2239 et
519 2185 671 2240 accurate
700 2195 909 2262 exponerem,
947 2198 1044 2263 quam
1074 2198 1207 2263 operam
1237 2200 1298 2242 non

206 2300 340 2367 prorsus
374 2277 520 2342 inutilem
556 2279 655 2344 fuisse
684 2300 876 2364 persuasum
905 2278 1019 2344 habeo.
1078 2301 1194 2345 uerum
1222 2280 1300 2345 haec

208 2383 373 2445 haetenus.
418 2379 460 2443 ad
481 2381 587 2466 ipsam
609 2381 673 2446 iam
696 2404 765 2445 rem
788 2380 988 2446 accedamus.
1033 2382 1174 2469 primum
1197 2392 1300 2448 autem

144 2523 147 2530 ·
209 2483 250 2548 de
272 2484 482 2570 dispositione
504 2492 572 2546 tum
595 2482 635 2548 de
658 2483 835 2549 elocutione
857 2485 1013 2570 orationis
1034 2483 1120 2551 illius
1143 2486 1297 2554 disseren-

209 2586 286 2650 dum
307 2586 376 2651 erit

494 2724 682 2775 DISPOSITIO
700 2725 877 2776 ORATIONIS
895 2729 1015 2780 XXXIII.

243 2841 267 2895 I.
285 2846 499 2896 ΠΡΟΟΙΜΙΟΝ
513 2846 703 2909 (ΕΧΟΒΒΝΜ
721 2840 781 2895 siue
798 2847 1006 2912 PRINCIPIVM)
1026 2845 1125 2915 (1—3).

296 2927 412 3014 quibus
441 2951 484 2994 ex
511 2928 638 3012 legibus
665 2928 872 3017 paragraphe
899 2932 1025 2998 intenta
1053 2934 1093 2998 sit
1123 2935 1296 3020 exponitur.

295 3031 475 3117 explicatur
496 3041 614 3114 autem,

297 3135 330 3219 1)
352 3135 469 3221 quibus
501 3135 744 3202 condicionibus
766 3136 978 3202 mercatoriae
999 3135 1071 3201 lites
1092 3138 1210 3204 instrui
1232 3158 1296 3228 pos-

357 3238 421 3301 sint
458 3241 499 3317 1,

297 3239 746 3425 2)quib1is)00ndicionibus
777 3342 934 3408 aduersus
962 3344 1049 3408 litem
1079 3349 1324 3412 mercatoriam

355 3445 503 3529 excipere
524 3444 620 3508 liceat
640 3443 697 3531 (2),

297 3543 331 3628 3)
354 3542 471 3628 quibus
481 3545 654 3632 exlegibus
665 3550 735 3634 ipsc
743 3558 832 3615 actor
839 3549 1069 3638 paragraphen
1078 3551 1333 3642 intenderit(3)·

295 3680 533 3746 utAristoteles
550 3690 584 3746 et
596 3682 851 3773 Anaximenes1)
866 3689 1076 3775 praecipiunt,
1093 3697 1129 3754 ut
1140 3687 1332 3779 prooemio

207 3800 209 3804 v
286 3839 314 3904 l)
331 3837 368 3890 cf.
389 3809 524 3909 Spengeli
551 3836 634 3891 rhett.
653 3837 771 3896 Graeco.
795 3841 955 3911 1.150.18,
979 3843 1001 3897 Ι.
1019 3844 1080 3898 214.
1103 3846 1136 3898 11
1158 3856 1258 3916 proxx.¹
1286 3834 1336 3888 et

214 3919 384 3982 Volkmanui
393 3924 495 3983 librum
503 3928 605 3984 dearte
612 3923 752 3982 rhetorica
761 3926 1255 4004 GraecorumRomauorumqsepag.
1264 3920 1334 3986 90·
