2700 4658
603 226 866 322 936-

211 425 302 499 linito
317 433 513 500 concessere
528 433 565 491 ut
579 425 733 512 Byzantii
753 426 846 492 liberi
861 435 970 492 essent
982 428 1016 512 ²),
1038 436 1125 492 certe
1145 448 1249 513 usque
1264 428 1303 493 ad

213 550 333 595 annum
355 529 428 611 351,
454 550 517 615 quo
540 551 625 595 anno
647 529 802 616 Byzantii
823 552 897 595 cum
918 529 1069 618 Philippo
1090 529 1305 596 Macedonum

212 651 289 716 rege
319 629 433 698 foedus
461 631 623 717 fecerunt,
660 635 886 724 commercium
919 635 1004 699 inter
1032 633 1248 699 Athenienses
1275 642 1305 698 et

212 735 392 822 Byzantios
415 735 515 801 fuisse
537 759 603 802 non
625 745 674 802 est
696 737 783 823 quod
804 758 969 822 negemus.
1013 736 1064 802 his
1090 736 1192 820 igitur
1214 738 1304 803 annis

213 847 355 906 aeteram
369 837 512 925 Byzanti
534 848 700 905 uersatum
722 841 880 907 existimo.
924 848 1021 926 atque
1042 841 1089 906 ita
1109 839 1181 904 fieri
1195 839 1304 926 potuit,

211 952 248 1010 ut
277 943 380 1008 oratio
411 964 496 1008 anno
519 942 582 1007 339
604 942 793 1027 haberetur,
824 943 859 1008 id
881 943 967 1030 qued
991 941 1092 1007 multe
1114 941 1244 1029 planius
1266 964 1304 1007 ex

210 1045 322 1112 tabula
343 1046 406 1111 hac
427 1045 611 1131 intelleges:

296 1171 325 1214 a.
348 1150 520 1216 aso-351>
543 1157 633 1215 actor
654 1149 796 1236 Byzanti
816 1158 975 1218 uersatur.

293 1275 324 1320 a.
348 1252 412 1319 345
433 1253 520 1318 idem
541 1253 699 1337 nauigare
720 1252 854 1319 desistit

297 1379 327 1421 a.
349 1356 521 1422 att-339
543 1354 629 1420 idem
651 1357 805 1445 pecunias
827 1355 965 1422 Athenis
987 1355 1183 1421 foeneratur.
1286 1411 1288 1416 ,

296 1480 326 1525 a,
348 1460 412 1526 343
434 1459 621 1542 argentaria
641 1458 837 1525 Heraclidae
857 1459 960 1528 floret.

229 1598 232 1605 ·
288 1585 324 1629 a.
347 1562 408 1629 341
434 1570 558 1628 aestate
592 1563 770 1649 Apaturius
782 1562 1148 1629 ParmenonPhocritus
1159 1562 1302 1628 Athenas

630 1667 774 1732 ueniunt.

591 1770 680 1857 prior
701 1776 884 1834 contractus
905 1767 943 1832 fit
956 1767 1041 1833 inter
1061 1768 1259 1856 Apaturium
1271 1775 1301 1834 et

631 1879 784 1940 actorem.

593 1973 788 2040 Heraclidae
809 1973 995 2059 argentaria
1018 1971 1213 2043 dissoluitur.

594 2079 689 2144 nauis
711 2078 850 2165 Apaturi
870 2077 966 2142 uenit.
1009 2075 1139 2161 litigant
1163 2079 1303 2143 interae

630 2181 808 2266 Apaturius
830 2189 863 2244 et
883 2179 1079 2247 Parmenon.

592 2281 776 2349 Parmenon
798 2282 929 2348 domum
952 2282 1030 2350 abit.

440 2386 533 2451 initio
555 2384 670 2451 hiemis
684 2385 863 2452 Aristocles
884 2383 925 2451 de
937 2385 1163 2451 Parmenoutia
1186 2407 1299 2453 caussa

592 2489 768 2574 cognoscit

317 2647 320 2653 .
440 2592 499 2658 sub
520 2593 618 2658 finem
639 2592 754 2656 hiemis
775 2591 955 2677 Apaturius
976 2599 1120 2658 actorem
1142 2591 1184 2658 de
1204 2615 1296 2679 spon·

220 2731 222 2735 <
542 2744 544 2749 -
592 2697 683 2761 sione
703 2717 769 2760 non
789 2693 940 2782 postulat.
1210 2715 1211 2718 ¹

223 2854 225 2858 Α
294 2819 323 2862 a.
344 2796 410 2861 340
432 2795 538 2862 bieme
559 2798 739 2884 Apaturius
760 2806 903 2863 actorem
921 2819 987 2864 non
1010 2806 1155 2866 accusat.

293 2922 321 2965 a
343 2899 407 2964 339
428 2897 543 2965 hiemis
571 2900 665 2966 initic
684 2900 867 2986 Apaturius
895 2909 1038 2966 actorem
1065 2900 1105 2966 de
1128 2891 1296 2987 sponsione

589 3004 740 3089 postulat.
785 3012 875 3070 actor
897 3004 1025 3090 excipit
1154 3061 1156 3065 .

295 3124 409 3169 uerum
425 3103 516 3169 banc
541 3108 700 3171 rationem
723 3126 788 3171 non
809 3107 916 3191 magis
937 3105 1120 3180 absolutam
1142 3115 1174 3172 et
1196 3107 1294 3195 perfe-

210 3211 296 3271 ctam
325 3226 398 3272 esse
423 3227 521 3292 quam
543 3206 709 3293 Snbaeferi
729 3207 862 3274 infitiari
882 3232 948 3277 non
970 3232 1067 3298 queo:
1097 3218 1224 3276 tantum
1247 3209 1295 3276 de·

207 3316 388 3374 monstrare
410 3309 507 3395 uolui,
529 3334 594 3378 non
616 3321 704 3378 reete
719 3310 929 3379 Scbaeferum
951 3324 1027 3380 ante
1047 3323 1194 3401 tempora
1208 3311 1296 3400 regni

205 3409 383 3497 Alexandri
405 3414 582 3481 orationem
604 3414 749 3482 habitam
772 3437 844 3482 esse
866 3416 963 3502 plane
984 3419 1166 3503 negauisae.

204 3550 414 3562 mm..

273 3574 305 3686 Ι1)
323 3617 358 3685 ef.
378 3614 491 3673 Sebaef.
508 3615 530 3672 1.
547 3631 613 3687 pag.
633 3616 684 3673 168
700 3581 803 3686 prou*
