2700 4658
622 278 836 339 -46-

409 446 568 510 menontis
589 445 744 532 praedem
766 468 847 524 esse,
868 456 1012 510 actorem
1032 445 1273 510 circumueniri:

408 570 485 612 nam

407 669 442 751 a)
465 670 586 733 amissa
612 670 763 756 pactione
797 681 940 735 actorem
968 693 1033 736 non
1061 669 1193 750 babere,
1215 689 1277 754 quo

459 772 653 836 Aristoclem
688 773 858 837 mentitum
895 796 967 838 esse
1002 774 1177 839 couuincat
1197 771 1277 856 (37),

403 890 437 974 b)
459 890 621 956 iudicibus
643 884 863 977 quaerendum
884 916 972 975 esse,
1001 915 1059 958 cur
1087 893 1277 978 Apaturius,

457 1004 584 1057 tantum
612 994 713 1077 absit,
744 1004 781 1059 ut
808 996 1003 1062 Aristoclem
1023 999 1057 1060 in
1086 998 1138 1059 ius
1171 1002 1278 1072 uocet,

458 1100 543 1183 quod
566 1097 788 1184 syngrapham
808 1098 896 1162 illam
917 1099 1081 1178 deleuerit,
1103 1108 1139 1161 ut
1161 1098 1277 1162 codem

458 1209 541 1264 teste
562 1210 674 1265 utatur
694 1202 751 1287 (38
758 1202 804 1286 a).

176 1319 268 1384 VIII.
311 1341 506 1391 rumores·
521 1339 734 1406 (rmommo)
756 1322 811 1408 (38
821 1322 863 1410 b).
907 1334 1016 1388 orator

402 1424 436 1508 a)
460 1424 539 1488 dicit
552 1426 662 1489 omnia
675 1424 802 1511 prolata
817 1448 897 1506 esse,
912 1448 995 1511 quae
1010 1428 1097 1490 iusta
1112 1429 1188 1507 sint,

398 1543 434 1629 b)
455 1542 578 1609 iudices
617 1545 821 1627 cohortatur,
857 1557 895 1610 ut
920 1569 963 1612 ex
993 1545 1120 1631 legibus
1153 1566 1274 1630 cogno-

456 1656 549 1713 scant
579 1672 582 1675 “

262 1767 337 1832 Hac
357 1790 399 1832 ex
419 1769 533 1834 tabula
553 1769 633 1834 satis
648 1790 808 1856 superque
822 1770 1018 1854 intellegitur
1031 1771 1066 1834 in
1080 1769 1274 1832 uniuersum

171 1879 259 1936 recte
279 1870 476 1937 iudicauisse
486 1870 652 1936 'Blassium
666 1895 741 1958 pag.
755 1874 830 1955 514,
852 1895 927 1938 cum
941 1873 1063 1938 diceret
1077 1871 1275 1936 concinnam

172 1995 246 2038 esso
274 1975 429 2040 orationis
458 1974 701 2062 dispositionem
729 1998 769 2041 ac
797 1997 907 2041 rerum
937 1975 1182 2041 collocationem
1205 1985 1275 2038 tam

172 2086 294 2142 rectam
316 2099 398 2160 esse,
420 2087 457 2142 ut
478 2099 589 2142 omnes
611 2081 791 2144 sententiae
812 2081 896 2144 inter
918 2102 954 2144 se
966 2100 1110 2144 conexae
1125 2088 1159 2141 et
1175 2087 1275 2163 aptae

173 2190 289 2246 essent
323 2202 437 2246 uerum
451 2183 537 2246 enim
558 2203 636 2247 uero
659 2181 808 2247 omnibus
830 2185 972 2248 numeris
993 2180 1179 2249 absolutam
1202 2203 1276 2245 esse

176 2283 419 2370 dispositionem
440 2284 590 2370 equidem
610 2287 810 2368 negauerim.

257 2426 297 2469 ac
317 2406 457 2490 primum
479 2404 608 2490 quidem
630 2407 665 2470 in
687 2407 820 2471 exordio
841 2405 926 2470 male
947 2427 999 2469 me
1020 2403 1145 2469 babent
1166 2405 1275 2468 uerba

170 2506 371 2595 paragraphi
402 2510 517 2573 tertiae
553 2509 670 2574 haece:
701 2507 720 2574 ὁ
753 2510 815 2594 μὲν
845 2500 906 2572 mlv
940 2499 1026 2592 μετὰ
1054 2501 1183 2572 τούτου
1212 2531 1274 2590 μοι

169 2604 447 2693 ἑπιβεβουλααώς
468 2612 525 2675 καὶ
546 2606 608 2677 τὸν
629 2608 744 2696 ἀγῶνα
764 2612 900 2676 τουτονὶ
914 2603 1161 2684 κατεσκευακὼς
1176 2620 1273 2694 προϊ-

170 2708 268 2787 όντος
290 2713 353 2777 τοῦ
380 2705 483 2796 λόγου
504 2708 704 2802 καταφανὴς
725 2712 804 2796 ὑμῖν
826 2716 926 2779 ἔσται.
977 2711 1040 2777 hoc
1061 2713 1274 2776 enuntiatum

168 2814 226 2878 diu
257 2816 457 2901 multumque
488 2815 705 2880 consideranti
733 2816 814 2880 mihi
841 2818 875 2879 in
905 2815 1077 2879 decursum
1106 2816 1272 2880 orationis

168 2917 329 3004 quadrare
365 2940 432 2983 non
463 2928 512 2983 est
541 2919 670 2982 uisum:
701 2940 778 2983 nam
808 2919 1001 2983 concinnum
1031 2919 1274 2982 sententiarum

167 3019 315 3085 ordinem
345 3022 560 3107 interrumpit.
611 3030 728 3107 postea
754 3023 841 3086 enim
869 3042 966 3107 quam
989 3029 1115 3096 orator,
1146 3021 1273 3106 quibus

166 3123 411 3190 condicionibus
441 3124 587 3210 exceptio
616 3145 771 3188 concessa
802 3135 902 3204 esset,
933 3123 1192 3205 demonstrauit,
1222 3125 1273 3188 ita

163 3224 366 3312 pergendum
396 3237 482 3307 erat,
511 3236 549 3291 ut
578 3247 649 3291 sese
673 3226 787 3291 eodem
808 3228 879 3291 iure
901 3227 1125 3313 exceptionem
1147 3226 1273 3292 fecisse

164 3327 304 3394 diceret:
326 3328 546 3414 ἐγκαλοῦντος
560 3322 622 3394 οὖν
637 3351 697 3413 μοι
707 3325 930 3414 Ἀπατουρίου
949 3330 1021 3394 κτλ.
1057 3330 1275 3394 enuntiatum

163 3453 241 3497 uero
264 3428 282 3496 ὁ
303 3433 366 3516 μὲν
388 3484 395 3498 .
418 3485 424 3498 .
447 3484 453 3497 .
476 3437 572 3497 ἔσται
596 3432 643 3496 sic
663 3434 806 3517 positum
823 3455 862 3496 eo
883 3433 988 3514 magis
1009 3432 1272 3518 uituperandum

161 3543 221 3616 est,
245 3534 332 3620 quod
354 3557 395 3599 ne
409 3534 567 3621 probatur
581 3534 711 3621 quidem
724 3535 884 3621 Eryxiam
898 3535 997 3598 totius
1011 3534 1078 3599 litis
1093 3544 1270 3600 auctorem

161 3658 234 3701 esse
259 3678 293 3685 -
320 3636 361 3703 cf.
387 3640 435 3704 18.
460 3635 478 3703 ὁ
500 3637 610 3702 ταῦτα
631 3628 886 3714 κατασκευάζων
907 3642 981 3718 κτὰ,
1007 3635 1064 3700 ubi
1084 3659 1149 3702 nec
1171 3642 1268 3704 testi·

164 3741 273 3805 monio
295 3762 356 3804 nec
377 3750 568 3825 argumento
590 3741 655 3806 ullo
676 3761 788 3805 ueram
803 3760 874 3804 esse
888 3741 1007 3804 actoris
1021 3741 1268 3808 incusationem

159 3843 400 3908 demonstratur
424 3883 471 3907 -.
516 3842 621 3908 bonus
650 3841 780 3929 quidem
802 3849 912 3907 orator
933 3843 1030 3907 istam
1053 3849 1267 3928 sententiam,

158 3946 187 4008 si
215 3947 250 4010 in
277 3946 478 4033 prooemium
500 3966 573 4008 eam
594 3946 738 4031 recipere
760 3945 877 4025 uoluit,
905 3944 1015 4009 uerbis
1037 3950 1265 4030 ἐγκαλοῦντος

157 4052 225 4114 xre.
270 4058 326 4113 aut
348 4050 545 4132 coniungere
567 4055 625 4111 aut
639 4068 725 4128 uero,
746 4046 781 4111 id
795 4046 881 4133 quod
895 4046 975 4112 mihi
989 4051 1105 4116 melius
1120 4055 1262 4134 uidetur,

158 4149 353 4234 subiungere
376 4150 494 4215 debuit

243 4253 466 4317 uehementius
497 4260 607 4319 autem
636 4250 902 4340 reprehendenda
929 4253 1010 4318 mihi
1031 4258 1166 4329 uidetur
1188 4287 1260 4330 nar·
