2700 4658
484 242 690 306 ,μμ

41 434 114 478 esse
137 403 198 497 ait,
233 413 332 478 alium
354 413 535 480 diastolem.
579 435 775 500 quamquam
803 415 885 478 mira
916 411 958 478 ab
980 411 1139 500 Apaturio

41 515 174 582 homine
196 516 410 582 audacissimo
433 517 559 583 narrari
580 519 696 582 mirum
719 540 783 582 non
806 516 900 602 est1).

90 673 93 679 ,
125 619 188 684 sed
210 629 245 685 ut
267 642 316 704 eo,
337 621 424 685 unde
446 621 594 717 digresso
614 629 664 686 est
685 623 803 702 oratio,
827 629 1037 700 reuertemur,
1057 619 1136 684 Par*

40 746 162 788 menon
183 722 323 810 Apaturi
351 723 585 811 impudentiam
613 725 746 790 moleste
775 725 882 790 ferens
910 721 1070 810 postulat,
1102 730 1138 786 ut

41 837 160 914 aperta
180 826 310 910 tabella,
333 849 415 914 quae
438 828 478 892 de
501 829 609 893 diaeta
627 816 861 910 conuenissent,
883 835 1137 912 cognosceretur

41 931 249 997 constituitur
260 933 286 1018 ²)
315 932 415 1018 igitur
444 933 534 1015 dies,
566 953 630 1018 qua
658 934 765 1019 pactio
796 932 830 996 in
858 930 1102 1019 Hephaesteum
1113 929 1137 1015 ³)

43 1033 221 1100 efferretur.
265 1034 443 1101 Aristocles
466 1034 620 1101 tabellam
639 1059 675 1102 se
695 1035 866 1101 allaturum
881 1035 1058 1122 pollicetur,
1082 1032 1139 1098 sed

42 1136 96 1201 die
127 1137 304 1202 constituta
332 1136 442 1202 multis
470 1139 695 1225 praesentibus
723 1147 889 1205 asseuerat
914 1139 1096 1226 pactionem
1118 1159 1139 1200 a

41 1262 139 1306 seruo
161 1261 220 1305 suo
243 1238 420 1312 dormiente
442 1243 595 1308 amissam
617 1265 696 1309 esse.

131 1364 301 1429 quaecum
323 1346 370 1408 ita
384 1353 501 1425 essent,
525 1345 689 1430 litigantes
713 1345 747 1411 id
762 1353 898 1430 egerunt
906 1345 948 1430 ⁴),
968 1353 1005 1410 ut
1018 1366 1138 1409 nouem

41 1446 84 1511 de
99 1445 328 1512 constituenda
342 1447 450 1514 diaeta
464 1451 645 1535 pactionem
661 1449 862 1527 conficerent,
877 1448 935 1513 sed
949 1448 990 1513 de
1004 1469 1138 1513 numero

41 1548 259 1614 diaetetarum
275 1549 420 1617 altercati
435 1553 556 1616 frustra
569 1560 696 1638 tempus
711 1553 942 1621 contriuerunt.
978 1561 1045 1617 tum
1061 1573 1138 1616 uero

41 1651 223 1719 Aristocles
245 1674 345 1720 unum
368 1678 402 1720 se
424 1655 464 1720 de
486 1677 605 1720 caussa
623 1656 828 1740 cogniturum
851 1677 923 1721 esse
943 1657 1139 1743 pronuntiat.
1161 1738 1164 1743 y

41 1765 157 1822 contra
180 1757 257 1821 dicit
270 1757 463 1840 Parmenon,
484 1781 524 1822 ac
538 1781 579 1822 ne
598 1759 712 1824 fraude
727 1760 1007 1839 circumueniatur,
1028 1780 1138 1824 coram

41 1861 153 1925 multis
175 1860 312 1926 testibus
341 1861 604 1948 ὃιαμαρτυρίρῡ)
634 1862 786 1929 Aristooli
814 1861 990 1927 interdicit:
1023 1869 1069 1938 ,ut
1097 1883 1139 1925 ue

41 1986 128 2029 unus
151 1965 220 2028 sine
242 1965 383 2049 conlegis
404 1963 502 2029 ullam
526 1965 650 2030 edicere
672 1965 750 2030 uelit
775 1966 984 2030 sententiam}
1026 1986 1139 2028 uerum

42 2089 84 2132 ne
108 2067 171 2131 sim
192 2067 317 2152 longus,
338 2068 396 2133 uix
416 2068 610 2147 Parmenon,
639 2077 675 2134 ut
696 2091 830 2134 uxorem
853 2091 945 2134 suam
968 2075 1000 2132 et
1021 2067 1139 2133 liberos

43 2180 151 2236 terrae
182 2178 272 2235 motu
294 2168 408 2236 domus
437 2173 533 2236 ruina
560 2172 709 2237 interisse
739 2172 892 2258 conperit,
925 2169 1140 2258 Ophrynium‚

44 2294 108 2360 quo
138 2274 174 2337 in
200 2272 339 2338 Troadis
369 2272 486 2362 oppido
515 2283 583 2340 tum
615 2275 812 2341 domicilium
840 2274 970 2358 babuit,
1001 2273 1139 2340 Athenis

44 2385 201 2442 euocatus
216 2385 296 2460 erat,
311 2399 384 2441 cum
395 2377 573 2443 Aristocles
588 2379 756 2444 aduersari
769 2379 941 2444 interdicto
956 2385 1139 2464 contempto

45 2480 114 2544 sine
137 2477 281 2565 conlegis
303 2479 372 2544 XX
394 2481 489 2544 minis
509 2478 599 2546 illum
622 2481 850 2548 condemnauit
859 2482 894 2566 ⁶).

30 2622 32 2626 2
131 2604 216 2647 unus
245 2605 349 2648 annus
372 2592 404 2649 et
426 2584 507 2649 ulter
528 2584 766 2673 praeterlapsos
795 2592 844 2648 est
866 2584 934 2669 etl)
963 2602 1037 2646 cum
1058 2582 1139 2647 Par-

45 2708 164 2751 menon
176 2709 241 2752 non
252 2687 388 2753 redisset
399 2688 435 2773 ⁸),
446 2685 603 2772 litigando
614 2689 688 2753 finis
698 2689 868 2775 impositus
879 2708 950 2752 esse
961 2685 1138 2751 uidebatur.

115 2860 145 2929 1)
163 2873 233 2913 caue
252 2873 288 2912 ne
314 2858 349 2911 de
374 2859 521 2914 aduocatis
540 2858 710 2930 litigantium
732 2859 853 2928 cogites,
878 2856 977 2928 quales
1000 2874 1018 2911 a
1038 2855 1139 2931 [Deml

46 2943 157 2998 1,qu
174 2944 210 3000 48
229 2953 493 3000 commemorentur:
514 2946 543 2999 οἱ
559 2946 698 3018 παρόντες
716 2948 839 3017 ἑκατέρῳ
863 2949 912 2998 ἐπὶ
929 2950 963 3019 τῇ
982 2941 1075 3016 διαίτῃ
1093 2949 1142 2997 καὶ

47 3038 104 3088 ταῖς
124 3033 297 3104 πράγμασιν.
333 3030 370 3085 cf.
388 3032 476 3086 Melet
494 3032 512 3087 l.
532 3034 567 3089 cl.
622 3066 624 3072 ·

115 3119 145 3187 2)
163 3119 200 3174 sio
217 3119 270 3181 cdv
288 3124 518 3193 συγκειμένην
537 3119 644 3190 ἡμέραν
662 3125 678 3186 5
696 3120 738 3176 18.

118 3205 146 3275 3)
165 3203 378 3275 Hephaesteum
401 3207 469 3261 sutis
491 3207 609 3262 idoneus
632 3207 710 3263 locus
734 3210 809 3272 erat,
835 3206 864 3259 in
889 3221 945 3276 quo
970 3204 1005 3259 de
1022 3203 1141 3276 priuatis

47 3290 157 3367 caussis
181 3298 321 3362 ageretur.
357 3294 385 3347 in
403 3293 535 3349 Isocratis
558 3293 686 3349 oratione
704 3293 796 3350 XVII.
815 3293 841 3349 5.
876 3295 995 3346 tortores
1021 3305 1140 3360 conpro-

47 3379 133 3433 misso
153 3378 234 3433 electi
253 3378 283 3432 in
300 3378 613 3450 Hephaesteoseruum
632 3380 759 3437 cruciare
777 3380 962 3434 constituunt.

116 3465 147 3535 4)
161 3467 197 3537 §g
215 3465 327 3522 19-21.

118 3552 149 3622 5)
166 3548 187 3624 ξ
201 3553 244 3607 20.
272 3551 536 3622 διαμαρτυραμένου
549 3561 600 3608 τοῦ
614 3553 774 3624 ἀνθρώπου
787 3555 825 3623 μὴ
839 3554 1055 3623 ἀποφαίνεσθαι
1067 3555 1142 3606 καθ’

48 3639 145 3693 about.
181 3640 229 3694 uix
246 3655 317 3711 opus
335 3645 378 3694 est
393 3655 507 3695 monere
525 3641 552 3693 h.
570 3640 588 3695 l.
607 3657 664 3696 uon
682 3640 782 3715 ugido
800 3641 850 3695 illo
867 3637 1064 3713 διαμαρτυρίᾳ.
1086 3658 1143 3712 qus

48 3725 117 3797 quis
136 3725 214 3780 litem
238 3725 385 3780 intendere
408 3727 613 3798 prohibebatur
636 3726 684 3798 (cf.
704 3727 833 3782 Schoem.
857 3727 909 3783 litt.
926 3728 987 3784 Att.
1005 3743 1072 3800 pag.
1091 3730 1143 3784 638

47 3814 167 3884 proxx.)‚
186 3812 237 3867 sed
249 3812 367 3867 uerbum
380 3809 625 3885 διαμαρτύρεσθαι
643 3814 783 3869 translato
795 3830 879 3869 sensu
892 3819 1059 3885 usurpatum
1071 3829 1142 3883 esse,

47 3906 81 3954 ut
99 3901 139 3955 sit
158 3899 288 3969 ,testibus
307 3899 442 3955 adhibitis
460 3901 646 3968 interdiceret
674 3917 732 3971 quo
754 3900 869 3972 quidem
895 3901 930 3954 de
955 3897 1144 3973 διαμαρτυρία

47 4004 75 4040 ιι
94 3986 222 4043 Platner.
240 3987 261 4044 l.
278 4002 344 4056 pag.
363 3986 414 4041 163
432 3986 458 4040 dr
474 3986 592 4043 Hefftsr.
611 4003 682 4058 page
694 3988 756 4044 350.
774 3994 831 4044 not.
849 3989 876 4042 3.

119 4076 147 4146 e)
166 4072 202 4130 cf.
221 4077 237 4144 5
253 4075 297 4129 32.

122 4162 152 4231 t)
169 4160 205 4216 cf.
223 4159 265 4235 ἓξ
283 4161 395 4218 23-26.
413 4162 456 4218 22.

123 4251 153 4320 8)
170 4251 186 4319 ἐ
203 4249 245 4304 22.
280 4248 330 4303 ab
349 4268 418 4304 ποτε
436 4251 518 4326 σωθῇ
536 4251 559 4321 Ιὁ
580 4247 754 4320 ἤδικημόνοιε
782 4249 930 4306 Dercetius
955 4249 1029 4311 falso
1046 4251 1147 4312 uertit:
