<?xml version="1.0" encoding="UTF-8"?>
<!DOCTYPE html PUBLIC "-//W3C//DTD XHTML 1.0 Transitional//EN"
    "http://www.w3.org/TR/xhtml1/DTD/xhtml1-transitional.dtd">
<html xmlns="http://www.w3.org/1999/xhtml" xml:lang="en" lang="en">
 <head>
  <title>
</title>
<meta http-equiv="Content-Type" content="text/html;charset=utf-8" />
  <meta name='ocr-system' content='tesseract 3.04.00' />
  <meta name='ocr-capabilities' content='ocr_page ocr_carea ocr_par ocr_line ocrx_word'/>
</head>
<body>
  <div class='ocr_page' id='page_1' title='image "./prolegomenonind00schugoog_0095.png"; bbox 0 0 2700 4658; ppageno 0'>
   <div class='ocr_carea' id='block_1_1' title="bbox 655 264 870 329">
    <p class='ocr_par' dir='ltr' id='par_1_1' title="bbox 655 264 870 329">
     <span class='ocr_line' id='line_1_1' title="bbox 655 264 870 329; baseline 0 -17"><span class='ocrx_word' id='word_1_1' title='bbox 655 264 870 329; x_wconf 74' lang='lat'>..53-</span> 
     </span>
    </p>
   </div>
   <div class='ocr_carea' id='block_1_2' title="bbox 218 430 1312 623">
    <p class='ocr_par' dir='ltr' id='par_1_2' title="bbox 218 430 1312 623">
     <span class='ocr_line' id='line_1_2' title="bbox 301 430 1312 522; baseline 0.001 -23"><span class='ocrx_word' id='word_1_2' title='bbox 301 430 1312 522; x_wconf 67' lang='lat' dir='ltr'><strong>eumdstiuodymmeireoninnetumestfflflleXXXlllI.</strong></span> 
     </span>
     <span class='ocr_line' id='line_1_3' title="bbox 218 530 1312 623; baseline -0.004 -19"><span class='ocrx_word' id='word_1_3' title='bbox 218 541 259 604; x_wconf 88' lang='grc'><strong>19</strong></span> <span class='ocrx_word' id='word_1_4' title='bbox 280 530 463 623; x_wconf 72' lang='grc' dir='ltr'><strong><em>ἠγανάκτει</em></strong></span> <span class='ocrx_word' id='word_1_5' title='bbox 494 535 544 621; x_wconf 80' lang='grc' dir='ltr'><strong>τῷ</strong></span> <span class='ocrx_word' id='word_1_6' title='bbox 572 543 792 622; x_wconf 70' lang='grc' dir='ltr'><strong>γεγενημένῳ,</strong></span> <span class='ocrx_word' id='word_1_7' title='bbox 820 536 900 618; x_wconf 67' lang='lat' dir='ltr'><strong>Lyn.</strong></span> <span class='ocrx_word' id='word_1_8' title='bbox 920 535 982 604; x_wconf 85' lang='lat' dir='ltr'>III.</span> <span class='ocrx_word' id='word_1_9' title='bbox 1008 536 1057 602; x_wconf 85' lang='lat'><strong>16.</strong></span> <span class='ocrx_word' id='word_1_10' title='bbox 1079 573 1120 585; x_wconf 93' lang='grc'><strong>-</strong></span> <span class='ocrx_word' id='word_1_11' title='bbox 1143 537 1184 600; x_wconf 79' lang='lat' dir='ltr'><strong>ef.</strong></span> <span class='ocrx_word' id='word_1_12' title='bbox 1208 534 1312 601; x_wconf 82' lang='lat' dir='ltr'><strong>Froh·</strong></span> 
     </span>
    </p>
   </div>
   <div class='ocr_carea' id='block_1_3' title="bbox 212 638 1316 3818">
    <p class='ocr_par' dir='ltr' id='par_1_3' title="bbox 215 638 1313 829">
     <span class='ocr_line' id='line_1_4' title="bbox 215 638 1313 728; baseline -0.002 -22"><span class='ocrx_word' id='word_1_13' title='bbox 215 641 334 727; x_wconf 61' lang='lat' dir='ltr'><strong>berge</strong></span> <span class='ocrx_word' id='word_1_14' title='bbox 363 640 507 728; x_wconf 67' lang='lat' dir='ltr'><strong>muys</strong></span> <span class='ocrx_word' id='word_1_15' title='bbox 533 638 1101 720; x_wconf 55' lang='lat' dir='ltr'><strong>meu-Amilos,</strong></span> <span class='ocrx_word' id='word_1_16' title='bbox 1128 641 1200 721; x_wconf 83' lang='lat'>168,</span> <span class='ocrx_word' id='word_1_17' title='bbox 1228 638 1313 704; x_wconf 84' lang='lat' dir='ltr'><strong>Xen</strong></span> 
     </span>
     <span class='ocr_line' id='line_1_5' title="bbox 215 741 1069 829; baseline -0.005 -18"><span class='ocrx_word' id='word_1_18' title='bbox 215 745 288 811; x_wconf 82' lang='lat' dir='ltr'><strong>hist</strong></span> <span class='ocrx_word' id='word_1_19' title='bbox 311 744 425 811; x_wconf 73' lang='lat' dir='ltr'><strong>Graec.</strong></span> <span class='ocrx_word' id='word_1_20' title='bbox 447 744 486 811; x_wconf 91' lang='lat' dir='ltr'><strong>V.</strong></span> <span class='ocrx_word' id='word_1_21' title='bbox 508 746 540 812; x_wconf 85' lang='lat'><strong>3.</strong></span> <span class='ocrx_word' id='word_1_22' title='bbox 563 743 718 824; x_wconf 76' lang='lat' dir='ltr'><strong>11,Put</strong></span> <span class='ocrx_word' id='word_1_23' title='bbox 740 743 958 829; x_wconf 56' lang='lat' dir='ltr'><strong>Phnoum</strong></span> <span class='ocrx_word' id='word_1_24' title='bbox 981 741 1069 808; x_wconf 82' lang='lat' dir='ltr'><strong>63ss.</strong></span> 
     </span>
    </p>

    <p class='ocr_par' dir='ltr' id='par_1_4' title="bbox 216 845 1313 1325">
     <span class='ocr_line' id='line_1_6' title="bbox 302 845 1313 934; baseline -0.002 -22"><span class='ocrx_word' id='word_1_25' title='bbox 302 857 471 934; x_wconf 74' lang='lat' dir='ltr'><strong>praetereo</strong></span> <span class='ocrx_word' id='word_1_26' title='bbox 484 847 546 914; x_wconf 86' lang='lat' dir='ltr'><strong>hoe</strong></span> <span class='ocrx_word' id='word_1_27' title='bbox 561 848 634 914; x_wconf 86' lang='lat' dir='ltr'><strong>loeo</strong></span> <span class='ocrx_word' id='word_1_28' title='bbox 649 849 877 914; x_wconf 85' lang='lat' dir='ltr'><strong>offendendmn</strong></span> <span class='ocrx_word' id='word_1_29' title='bbox 891 855 941 910; x_wconf 88' lang='lat' dir='ltr'><strong>est</strong></span> <span class='ocrx_word' id='word_1_30' title='bbox 961 847 997 911; x_wconf 89' lang='lat' dir='ltr'><strong>in</strong></span> <span class='ocrx_word' id='word_1_31' title='bbox 1018 847 1137 911; x_wconf 77' lang='lat' dir='ltr'><strong>uitiosa</strong></span> <span class='ocrx_word' id='word_1_32' title='bbox 1151 845 1313 910; x_wconf 69' lang='lat' dir='ltr'><strong>breuitate</strong></span> 
     </span>
     <span class='ocr_line' id='line_1_7' title="bbox 216 944 1313 1036; baseline -0.002 -20"><span class='ocrx_word' id='word_1_33' title='bbox 216 944 454 1034; x_wconf 75' lang='grc' dir='ltr'><strong>ἀγανακτήσας</strong></span> <span class='ocrx_word' id='word_1_34' title='bbox 477 949 525 1034; x_wconf 76' lang='grc' dir='ltr'><strong>τῷ</strong></span> <span class='ocrx_word' id='word_1_35' title='bbox 546 948 646 1034; x_wconf 81' lang='grc' dir='ltr'><em>λόγῳ.</em></span> <span class='ocrx_word' id='word_1_36' title='bbox 691 974 805 1017; x_wconf 88' lang='lat' dir='ltr'><strong>uereor</strong></span> <span class='ocrx_word' id='word_1_37' title='bbox 826 952 921 1027; x_wconf 87' lang='lat' dir='ltr'><strong>enim,</strong></span> <span class='ocrx_word' id='word_1_38' title='bbox 942 971 985 1014; x_wconf 85' lang='lat' dir='ltr'><strong>ue</strong></span> <span class='ocrx_word' id='word_1_39' title='bbox 1009 949 1041 1014; x_wconf 89' lang='lat' dir='ltr'><strong>ei</strong></span> <span class='ocrx_word' id='word_1_40' title='bbox 1061 952 1117 1036; x_wconf 88' lang='lat' dir='ltr'><strong>qni</strong></span> <span class='ocrx_word' id='word_1_41' title='bbox 1139 950 1313 1016; x_wconf 71' lang='lat' dir='ltr'><strong>audierunt</strong></span> 
     </span>
     <span class='ocr_line' id='line_1_8' title="bbox 216 1048 1312 1140; baseline -0.001 -22"><span class='ocrx_word' id='word_1_42' title='bbox 216 1055 485 1140; x_wconf 80' lang='lat' dir='ltr'><strong>exspectauerint,</strong></span> <span class='ocrx_word' id='word_1_43' title='bbox 506 1054 585 1119; x_wconf 89' lang='lat' dir='ltr'><strong>dum</strong></span> <span class='ocrx_word' id='word_1_44' title='bbox 607 1053 657 1137; x_wconf 75' lang='grc' dir='ltr'><strong>τῷ</strong></span> <span class='ocrx_word' id='word_1_45' title='bbox 678 1048 768 1137; x_wconf 76' lang='grc' dir='ltr'><em>λόγῳ</em></span> <span class='ocrx_word' id='word_1_46' title='bbox 792 1053 871 1118; x_wconf 92' lang='lat' dir='ltr'><strong>illud</strong></span> <span class='ocrx_word' id='word_1_47' title='bbox 894 1062 1081 1138; x_wconf 87' lang='lat' dir='ltr'><strong>sequeretur</strong></span> <span class='ocrx_word' id='word_1_48' title='bbox 1090 1051 1145 1135; x_wconf 72' lang='grc' dir='ltr'><strong>’τῷ</strong></span> <span class='ocrx_word' id='word_1_49' title='bbox 1166 1049 1194 1118; x_wconf 83' lang='grc' dir='ltr'><strong>δ’</strong></span> <span class='ocrx_word' id='word_1_50' title='bbox 1217 1057 1312 1138; x_wconf 77' lang='grc' dir='ltr'><em>ἔργῳ·</em></span> 
     </span>
     <span class='ocr_line' id='line_1_9' title="bbox 216 1150 1313 1243; baseline -0.002 -20"><span class='ocrx_word' id='word_1_51' title='bbox 216 1150 454 1243; x_wconf 71' lang='grc' dir='ltr'><strong>ἀγανακτήσας</strong></span> <span class='ocrx_word' id='word_1_52' title='bbox 476 1153 616 1239; x_wconf 75' lang='grc' dir='ltr'><em>τούτῳ</em></span> <span class='ocrx_word' id='word_1_53' title='bbox 638 1155 689 1239; x_wconf 73' lang='grc' dir='ltr'><strong>τῷ</strong></span> <span class='ocrx_word' id='word_1_54' title='bbox 707 1152 798 1240; x_wconf 81' lang='grc' dir='ltr'><em>λόγῳ</em></span> <span class='ocrx_word' id='word_1_55' title='bbox 820 1155 992 1220; x_wconf 84' lang='lat' dir='ltr'><strong>dieendnm</strong></span> <span class='ocrx_word' id='word_1_56' title='bbox 1010 1164 1091 1237; x_wconf 72' lang='lat' dir='ltr'><strong>erat,</strong></span> <span class='ocrx_word' id='word_1_57' title='bbox 1113 1166 1149 1221; x_wconf 88' lang='lat' dir='ltr'><strong>ut</strong></span> <span class='ocrx_word' id='word_1_58' title='bbox 1171 1155 1313 1222; x_wconf 80' lang='lat' dir='ltr'><strong>dilueids</strong></span> 
     </span>
     <span class='ocr_line' id='line_1_10' title="bbox 217 1261 438 1325; baseline -0.009 0"><span class='ocrx_word' id='word_1_59' title='bbox 217 1270 305 1325; x_wconf 85' lang='lat' dir='ltr'><strong>esset</strong></span> <span class='ocrx_word' id='word_1_60' title='bbox 324 1261 438 1325; x_wconf 78' lang='lat' dir='ltr'><strong>oratio.</strong></span> 
     </span>
    </p>

    <p class='ocr_par' dir='ltr' id='par_1_5' title="bbox 215 1353 1316 2068">
     <span class='ocr_line' id='line_1_11' title="bbox 300 1353 1314 1448; baseline 0 -21"><span class='ocrx_word' id='word_1_61' title='bbox 300 1367 332 1445; x_wconf 65' lang='grc' dir='ltr'><strong>ξ.</strong></span> <span class='ocrx_word' id='word_1_62' title='bbox 356 1363 406 1430; x_wconf 94' lang='grc'><strong>17.</strong></span> <span class='ocrx_word' id='word_1_63' title='bbox 449 1357 490 1425; x_wconf 83' lang='grc' dir='ltr'><strong>οὐ</strong></span> <span class='ocrx_word' id='word_1_64' title='bbox 512 1353 625 1445; x_wconf 81' lang='grc' dir='ltr'><em>πόρῥω</em></span> <span class='ocrx_word' id='word_1_65' title='bbox 647 1356 788 1448; x_wconf 77' lang='grc' dir='ltr'><em>φάσκων</em></span> <span class='ocrx_word' id='word_1_66' title='bbox 808 1359 891 1427; x_wconf 75' lang='grc' dir='ltr'><em>εἶναι</em></span> <span class='ocrx_word' id='word_1_67' title='bbox 914 1356 977 1427; x_wconf 83' lang='grc' dir='ltr'><strong>τὸν</strong></span> <span class='ocrx_word' id='word_1_68' title='bbox 997 1363 1129 1447; x_wconf 69' lang='grc' dir='ltr'><strong>ἔλεγχον</strong></span> <span class='ocrx_word' id='word_1_69' title='bbox 1149 1383 1227 1440; x_wconf 88' lang='lat' dir='ltr'><strong>,uon</strong></span> <span class='ocrx_word' id='word_1_70' title='bbox 1248 1360 1314 1427; x_wconf 81' lang='lat' dir='ltr'><strong>ulte</strong></span> 
     </span>
     <span class='ocr_line' id='line_1_12' title="bbox 215 1464 1314 1554; baseline 0 -25"><span class='ocrx_word' id='word_1_71' title='bbox 215 1465 426 1554; x_wconf 70' lang='lat' dir='ltr'><strong>mpeteudmr</strong></span> <span class='ocrx_word' id='word_1_72' title='bbox 464 1485 536 1528; x_wconf 84' lang='lat' dir='ltr'><strong>esse</strong></span> <span class='ocrx_word' id='word_1_73' title='bbox 565 1473 791 1547; x_wconf 78' lang='lat' dir='ltr'><strong>argumentum</strong></span> <span class='ocrx_word' id='word_1_74' title='bbox 823 1464 957 1530; x_wconf 81' lang='lat' dir='ltr'><strong>dieens‘:</strong></span> <span class='ocrx_word' id='word_1_75' title='bbox 995 1465 1112 1531; x_wconf 88' lang='lat' dir='ltr'><strong>horum</strong></span> <span class='ocrx_word' id='word_1_76' title='bbox 1138 1465 1314 1530; x_wconf 87' lang='lat' dir='ltr'><strong>uerborum</strong></span> 
     </span>
     <span class='ocr_line' id='line_1_13' title="bbox 217 1567 1313 1656; baseline -0.005 -20"><span class='ocrx_word' id='word_1_77' title='bbox 217 1570 320 1636; x_wconf 87' lang='lat' dir='ltr'><strong>simile</strong></span> <span class='ocrx_word' id='word_1_78' title='bbox 341 1569 419 1656; x_wconf 88' lang='lat' dir='ltr'><strong>quid</strong></span> <span class='ocrx_word' id='word_1_79' title='bbox 441 1570 476 1632; x_wconf 90' lang='lat' dir='ltr'><strong>in</strong></span> <span class='ocrx_word' id='word_1_80' title='bbox 497 1567 727 1633; x_wconf 77' lang='lat' dir='ltr'><strong>Demosthenis</strong></span> <span class='ocrx_word' id='word_1_81' title='bbox 749 1567 950 1635; x_wconf 69' lang='lat' dir='ltr'><strong>orationibus</strong></span> <span class='ocrx_word' id='word_1_82' title='bbox 971 1591 1037 1634; x_wconf 91' lang='lat' dir='ltr'><strong>nou</strong></span> <span class='ocrx_word' id='word_1_83' title='bbox 1058 1576 1118 1633; x_wconf 85' lang='lat' dir='ltr'><strong>est.</strong></span> <span class='ocrx_word' id='word_1_84' title='bbox 1164 1569 1313 1655; x_wconf 86' lang='lat' dir='ltr'><strong>proxime</strong></span> 
     </span>
     <span class='ocr_line' id='line_1_14' title="bbox 217 1666 1313 1760; baseline -0.002 -23"><span class='ocrx_word' id='word_1_85' title='bbox 217 1696 295 1739; x_wconf 87' lang='lat' dir='ltr'><strong>uero</strong></span> <span class='ocrx_word' id='word_1_86' title='bbox 317 1671 483 1752; x_wconf 79' lang='lat' dir='ltr'><strong>eooedunt,</strong></span> <span class='ocrx_word' id='word_1_87' title='bbox 504 1694 589 1759; x_wconf 79' lang='lat' dir='ltr'><strong>quse</strong></span> <span class='ocrx_word' id='word_1_88' title='bbox 610 1671 686 1758; x_wconf 85' lang='lat' dir='ltr'><strong>[X]</strong></span> <span class='ocrx_word' id='word_1_89' title='bbox 702 1671 746 1736; x_wconf 80' lang='lat'><strong>46</strong></span> <span class='ocrx_word' id='word_1_90' title='bbox 768 1673 890 1760; x_wconf 80' lang='lat' dir='ltr'><strong>seriptn</strong></span> <span class='ocrx_word' id='word_1_91' title='bbox 909 1671 1018 1736; x_wconf 86' lang='lat' dir='ltr'><strong>uides:</strong></span> <span class='ocrx_word' id='word_1_92' title='bbox 1039 1668 1107 1736; x_wconf 71' lang='grc' dir='ltr'><strong>τᾶν</strong></span> <span class='ocrx_word' id='word_1_93' title='bbox 1128 1670 1165 1736; x_wconf 78' lang='grc' dir='ltr'><strong>δὲ</strong></span> <span class='ocrx_word' id='word_1_94' title='bbox 1188 1666 1313 1757; x_wconf 83' lang='grc' dir='ltr'><em>παρόν·</em></span> 
     </span>
     <span class='ocr_line' id='line_1_15' title="bbox 216 1766 1316 1862; baseline 0.002 -22"><span class='ocrx_word' id='word_1_95' title='bbox 216 1797 284 1840; x_wconf 84' lang='grc' dir='ltr'><strong>των</strong></span> <span class='ocrx_word' id='word_1_96' title='bbox 311 1777 369 1840; x_wconf 77' lang='grc' dir='ltr'><strong>καὶ</strong></span> <span class='ocrx_word' id='word_1_97' title='bbox 396 1774 456 1854; x_wconf 83' lang='grc' dir='ltr'><strong>τῆς</strong></span> <span class='ocrx_word' id='word_1_98' title='bbox 484 1773 631 1862; x_wconf 74' lang='grc' dir='ltr'><em>ταραχῆς</em></span> <span class='ocrx_word' id='word_1_99' title='bbox 663 1767 773 1840; x_wconf 75' lang='grc' dir='ltr'><em>πολλὰ</em></span> <span class='ocrx_word' id='word_1_100' title='bbox 794 1767 1027 1861; x_wconf 73' lang='grc' dir='ltr'><em>πόρρωθέν</em></span> <span class='ocrx_word' id='word_1_101' title='bbox 1048 1778 1120 1839; x_wconf 75' lang='grc' dir='ltr'><strong>ἐστι</strong></span> <span class='ocrx_word' id='word_1_102' title='bbox 1143 1766 1189 1840; x_wconf 73' lang='grc' dir='ltr'><strong>τὸ</strong></span> <span class='ocrx_word' id='word_1_103' title='bbox 1211 1775 1316 1842; x_wconf 79' lang='grc' dir='ltr'><em>αἴτια.</em></span> 
     </span>
     <span class='ocr_line' id='line_1_16' title="bbox 217 1877 1313 1965; baseline 0 -23"><span class='ocrx_word' id='word_1_104' title='bbox 217 1877 297 1942; x_wconf 92' lang='lat' dir='ltr'><strong>mihi</strong></span> <span class='ocrx_word' id='word_1_105' title='bbox 325 1878 454 1965; x_wconf 88' lang='lat' dir='ltr'><strong>quidem</strong></span> <span class='ocrx_word' id='word_1_106' title='bbox 483 1878 586 1944; x_wconf 83' lang='lat' dir='ltr'><strong>uerba</strong></span> <span class='ocrx_word' id='word_1_107' title='bbox 611 1878 667 1943; x_wconf 81' lang='lat' dir='ltr'><strong>illa</strong></span> <span class='ocrx_word' id='word_1_108' title='bbox 692 1899 808 1964; x_wconf 79' lang='lat' dir='ltr'><strong>perum</strong></span> <span class='ocrx_word' id='word_1_109' title='bbox 830 1879 992 1963; x_wconf 75' lang='lat' dir='ltr'><strong>elegantis</strong></span> <span class='ocrx_word' id='word_1_110' title='bbox 1013 1878 1164 1944; x_wconf 88' lang='lat' dir='ltr'><strong>uidentur</strong></span> <span class='ocrx_word' id='word_1_111' title='bbox 1186 1899 1259 1944; x_wconf 83' lang='lat' dir='ltr'><strong>osse</strong></span> <span class='ocrx_word' id='word_1_112' title='bbox 1280 1884 1313 1942; x_wconf 91' lang='lat' dir='ltr'><strong>et</strong></span> 
     </span>
     <span class='ocr_line' id='line_1_17' title="bbox 216 1980 862 2068; baseline 0.002 -22"><span class='ocrx_word' id='word_1_113' title='bbox 216 1980 259 2046; x_wconf 84' lang='lat' dir='ltr'><strong>eb</strong></span> <span class='ocrx_word' id='word_1_114' title='bbox 282 1990 410 2047; x_wconf 73' lang='lat' dir='ltr'><strong>oratore</strong></span> <span class='ocrx_word' id='word_1_115' title='bbox 431 1983 539 2046; x_wconf 86' lang='lat' dir='ltr'><strong>minus</strong></span> <span class='ocrx_word' id='word_1_116' title='bbox 561 1982 687 2047; x_wconf 88' lang='lat' dir='ltr'><strong>erudito</strong></span> <span class='ocrx_word' id='word_1_117' title='bbox 709 1981 862 2068; x_wconf 77' lang='lat' dir='ltr'><strong>profecte</strong></span> 
     </span>
    </p>

    <p class='ocr_par' dir='ltr' id='par_1_6' title="bbox 213 2082 1313 3512">
     <span class='ocr_line' id='line_1_18' title="bbox 303 2082 1313 2172; baseline -0.001 -23"><span class='ocrx_word' id='word_1_118' title='bbox 303 2089 334 2167; x_wconf 66' lang='grc' dir='ltr'><strong>ξ.</strong></span> <span class='ocrx_word' id='word_1_119' title='bbox 358 2087 408 2151; x_wconf 93' lang='grc'><strong>18.</strong></span> <span class='ocrx_word' id='word_1_120' title='bbox 453 2085 547 2151; x_wconf 80' lang='grc' dir='ltr'><em>οὔπω</em></span> <span class='ocrx_word' id='word_1_121' title='bbox 560 2086 617 2149; x_wconf 85' lang='grc' dir='ltr'><strong>καὶ</strong></span> <span class='ocrx_word' id='word_1_122' title='bbox 631 2083 789 2170; x_wconf 83' lang='grc' dir='ltr'><em>τήμερον;</em></span> <span class='ocrx_word' id='word_1_123' title='bbox 813 2085 901 2172; x_wconf 83' lang='lat' dir='ltr'><strong>apud</strong></span> <span class='ocrx_word' id='word_1_124' title='bbox 914 2082 1168 2150; x_wconf 82' lang='lat' dir='ltr'><strong>Demosthenem</strong></span> <span class='ocrx_word' id='word_1_125' title='bbox 1185 2105 1313 2172; x_wconf 88' lang='lat' dir='ltr'><strong>semper</strong></span> 
     </span>
     <span class='ocr_line' id='line_1_19' title="bbox 217 2180 1313 2274; baseline -0.001 -21"><span class='ocrx_word' id='word_1_126' title='bbox 217 2183 381 2253; x_wconf 78' lang='grc' dir='ltr'><em>οὐδέπω</em></span> <span class='ocrx_word' id='word_1_127' title='bbox 403 2189 460 2253; x_wconf 85' lang='grc' dir='ltr'><strong>καὶ</strong></span> <span class='ocrx_word' id='word_1_128' title='bbox 482 2180 624 2274; x_wconf 70' lang='grc' dir='ltr'><em>τήμερον</em></span> <span class='ocrx_word' id='word_1_129' title='bbox 635 2189 660 2274; x_wconf 90' lang='lat'><strong>¹)</strong></span> <span class='ocrx_word' id='word_1_130' title='bbox 684 2198 749 2253; x_wconf 86' lang='lat' dir='ltr'><strong>est:</strong></span> <span class='ocrx_word' id='word_1_131' title='bbox 778 2188 873 2253; x_wconf 88' lang='lat' dir='ltr'>XXI.</span> <span class='ocrx_word' id='word_1_132' title='bbox 897 2193 949 2269; x_wconf 91' lang='lat'><strong>81,</strong></span> <span class='ocrx_word' id='word_1_133' title='bbox 969 2190 1009 2254; x_wconf 86' lang='lat'><strong>91</strong></span> <span class='ocrx_word' id='word_1_134' title='bbox 1034 2187 1107 2269; x_wconf 88' lang='lat' dir='ltr'><strong>(uhi</strong></span> <span class='ocrx_word' id='word_1_135' title='bbox 1123 2186 1259 2253; x_wconf 84' lang='lat' dir='ltr'><strong>Bekker</strong></span> <span class='ocrx_word' id='word_1_136' title='bbox 1281 2197 1313 2252; x_wconf 88' lang='lat' dir='ltr'><strong>et</strong></span> 
     </span>
     <span class='ocr_line' id='line_1_20' title="bbox 217 2285 1311 2371; baseline 0.001 -17"><span class='ocrx_word' id='word_1_137' title='bbox 217 2289 405 2356; x_wconf 89' lang='lat' dir='ltr'><strong>Diudorlius</strong></span> <span class='ocrx_word' id='word_1_138' title='bbox 428 2286 555 2356; x_wconf 76' lang='grc' dir='ltr'><em>οὐδέπω</em></span> <span class='ocrx_word' id='word_1_139' title='bbox 570 2289 765 2371; x_wconf 80' lang='lat' dir='ltr'><strong>discernunt,</strong></span> <span class='ocrx_word' id='word_1_140' title='bbox 786 2302 824 2356; x_wconf 91' lang='lat' dir='ltr'><strong>nt</strong></span> <span class='ocrx_word' id='word_1_141' title='bbox 838 2295 881 2357; x_wconf 83' lang='lat' dir='ltr'><strong>sit</strong></span> <span class='ocrx_word' id='word_1_142' title='bbox 894 2288 969 2358; x_wconf 79' lang='grc' dir='ltr'><em>οὐδέ</em></span> <span class='ocrx_word' id='word_1_143' title='bbox 983 2314 1044 2362; x_wconf 72' lang='grc' dir='ltr'><strong>πυ,</strong></span> <span class='ocrx_word' id='word_1_144' title='bbox 1059 2285 1187 2356; x_wconf 67' lang='lat' dir='ltr'><strong>obdere</strong></span> <span class='ocrx_word' id='word_1_145' title='bbox 1201 2299 1311 2355; x_wconf 81' lang='lat' dir='ltr'><strong>eutem</strong></span> 
     </span>
     <span class='ocr_line' id='line_1_21' title="bbox 216 2392 1311 2461; baseline 0.003 -4"><span class='ocrx_word' id='word_1_146' title='bbox 216 2393 408 2458; x_wconf 82' lang='lat' dir='ltr'><strong>Buttmanni</strong></span> <span class='ocrx_word' id='word_1_147' title='bbox 429 2392 528 2458; x_wconf 93' lang='lat' dir='ltr'><strong>editio</strong></span> <span class='ocrx_word' id='word_1_148' title='bbox 551 2396 706 2460; x_wconf 85' lang='lat' dir='ltr'><strong>orationis</strong></span> <span class='ocrx_word' id='word_1_149' title='bbox 724 2394 809 2458; x_wconf 89' lang='lat' dir='ltr'><strong>XXI</strong></span> <span class='ocrx_word' id='word_1_150' title='bbox 832 2405 866 2461; x_wconf 88' lang='lat' dir='ltr'><strong>et</strong></span> <span class='ocrx_word' id='word_1_151' title='bbox 890 2393 1035 2459; x_wconf 84' lang='lat' dir='ltr'><strong>Bekkeri</strong></span> <span class='ocrx_word' id='word_1_152' title='bbox 1055 2393 1154 2459; x_wconf 86' lang='lat' dir='ltr'><strong>editio</strong></span> <span class='ocrx_word' id='word_1_153' title='bbox 1168 2392 1311 2460; x_wconf 78' lang='lat' dir='ltr'><strong>Pollucis</strong></span> 
     </span>
     <span class='ocr_line' id='line_1_22' title="bbox 216 2495 1311 2584; baseline 0.003 -24"><span class='ocrx_word' id='word_1_154' title='bbox 216 2495 326 2560; x_wconf 91' lang='lat' dir='ltr'>VIIII.</span> <span class='ocrx_word' id='word_1_155' title='bbox 354 2497 397 2562; x_wconf 91' lang='grc'>92</span> <span class='ocrx_word' id='word_1_156' title='bbox 424 2496 610 2582; x_wconf 81' lang='lat' dir='ltr'><strong>praebent),</strong></span> <span class='ocrx_word' id='word_1_157' title='bbox 642 2498 718 2577; x_wconf 80' lang='grc'>157,</span> <span class='ocrx_word' id='word_1_158' title='bbox 747 2498 859 2563; x_wconf 76' lang='lat' dir='ltr'>XXX.</span> <span class='ocrx_word' id='word_1_159' title='bbox 888 2500 948 2580; x_wconf 84' lang='lat'><strong>33,</strong></span> <span class='ocrx_word' id='word_1_160' title='bbox 975 2496 1153 2562; x_wconf 89' lang='lat' dir='ltr'>XXXVII.</span> <span class='ocrx_word' id='word_1_161' title='bbox 1174 2497 1219 2562; x_wconf 88' lang='grc'><strong>46</strong></span> <span class='ocrx_word' id='word_1_162' title='bbox 1242 2496 1311 2584; x_wconf 88' lang='lat' dir='ltr'><strong>(nbi</strong></span> 
     </span>
     <span class='ocr_line' id='line_1_23' title="bbox 215 2598 1310 2687; baseline 0 -21"><span class='ocrx_word' id='word_1_163' title='bbox 215 2609 325 2666; x_wconf 82' lang='lat' dir='ltr'><strong>temen</strong></span> <span class='ocrx_word' id='word_1_164' title='bbox 360 2600 454 2665; x_wconf 81' lang='lat' dir='ltr'><strong>codd</strong></span> <span class='ocrx_word' id='word_1_165' title='bbox 483 2601 644 2666; x_wconf 82' lang='lat' dir='ltr'><strong>Marciani</strong></span> <span class='ocrx_word' id='word_1_166' title='bbox 682 2602 745 2683; x_wconf 77' lang='lat' dir='ltr'><strong>FQ</strong></span> <span class='ocrx_word' id='word_1_167' title='bbox 781 2598 908 2668; x_wconf 72' lang='grc' dir='ltr'><em>οὐδατω</em></span> <span class='ocrx_word' id='word_1_168' title='bbox 943 2601 1002 2665; x_wconf 81' lang='grc' dir='ltr'><strong>καὶ</strong></span> <span class='ocrx_word' id='word_1_169' title='bbox 1036 2599 1100 2666; x_wconf 83' lang='grc' dir='ltr'><strong>νῦν</strong></span> <span class='ocrx_word' id='word_1_170' title='bbox 1133 2599 1310 2687; x_wconf 85' lang='lat' dir='ltr'><strong>exhibent),</strong></span> 
     </span>
     <span class='ocr_line' id='line_1_24' title="bbox 216 2697 1311 2790; baseline 0.003 -22"><span class='ocrx_word' id='word_1_171' title='bbox 216 2703 430 2790; x_wconf 91' lang='lat' dir='ltr'>[XXXXV.]</span> <span class='ocrx_word' id='word_1_172' title='bbox 454 2705 504 2786; x_wconf 94' lang='grc'>76,</span> <span class='ocrx_word' id='word_1_173' title='bbox 528 2714 560 2769; x_wconf 90' lang='lat' dir='ltr'><strong>et</strong></span> <span class='ocrx_word' id='word_1_174' title='bbox 573 2705 707 2788; x_wconf 81' lang='grc' dir='ltr'><em>μηδέπω</em></span> <span class='ocrx_word' id='word_1_175' title='bbox 720 2707 777 2770; x_wconf 77' lang='grc' dir='ltr'><strong>καὶ</strong></span> <span class='ocrx_word' id='word_1_176' title='bbox 792 2697 936 2789; x_wconf 71' lang='grc' dir='ltr'><em>τήμερον</em></span> <span class='ocrx_word' id='word_1_177' title='bbox 949 2701 1078 2767; x_wconf 86' lang='lat' dir='ltr'>XVIII.</span> <span class='ocrx_word' id='word_1_178' title='bbox 1094 2703 1166 2785; x_wconf 90' lang='grc'>190,</span> <span class='ocrx_word' id='word_1_179' title='bbox 1180 2703 1311 2772; x_wconf 91' lang='lat' dir='ltr'>XXIII.</span> 
     </span>
     <span class='ocr_line' id='line_1_25' title="bbox 213 2803 1311 2892; baseline 0.001 -21"><span class='ocrx_word' id='word_1_180' title='bbox 213 2808 295 2889; x_wconf 89' lang='grc'>211,</span> <span class='ocrx_word' id='word_1_181' title='bbox 325 2806 452 2871; x_wconf 89' lang='lat' dir='ltr'>XXXI.</span> <span class='ocrx_word' id='word_1_182' title='bbox 479 2807 527 2873; x_wconf 81' lang='lat'><strong>13.</strong></span> <span class='ocrx_word' id='word_1_183' title='bbox 576 2806 722 2872; x_wconf 89' lang='lat' dir='ltr'><strong>similiter</strong></span> <span class='ocrx_word' id='word_1_184' title='bbox 749 2803 876 2873; x_wconf 79' lang='grc' dir='ltr'><em>οὐδέπω</em></span> <span class='ocrx_word' id='word_1_185' title='bbox 907 2807 965 2870; x_wconf 81' lang='grc' dir='ltr'><strong>καὶ</strong></span> <span class='ocrx_word' id='word_1_186' title='bbox 993 2805 1091 2892; x_wconf 51' lang='grc' dir='ltr'><strong>νῦν)</strong></span> <span class='ocrx_word' id='word_1_187' title='bbox 1118 2806 1311 2873; x_wconf 76' lang='lat' dir='ltr'><strong>dictumest</strong></span> 
     </span>
     <span class='ocr_line' id='line_1_26' title="bbox 216 2905 1310 2996; baseline 0.002 -22"><span class='ocrx_word' id='word_1_188' title='bbox 216 2909 459 2995; x_wconf 87' lang='lat' dir='ltr'>[XXXXVII.]</span> <span class='ocrx_word' id='word_1_189' title='bbox 485 2911 535 2989; x_wconf 90' lang='grc'>17,</span> <span class='ocrx_word' id='word_1_190' title='bbox 557 2908 677 2995; x_wconf 77' lang='lat' dir='ltr'>[LVI]</span> <span class='ocrx_word' id='word_1_191' title='bbox 700 2912 729 2990; x_wconf 88' lang='lat'><strong>3,</strong></span> <span class='ocrx_word' id='word_1_192' title='bbox 750 2910 804 2993; x_wconf 88' lang='grc'>45,</span> <span class='ocrx_word' id='word_1_193' title='bbox 825 2905 953 2976; x_wconf 77' lang='grc' dir='ltr'><em>οὐδέπω</em></span> <span class='ocrx_word' id='word_1_194' title='bbox 974 2910 1032 2974; x_wconf 77' lang='grc' dir='ltr'><strong>καὶ</strong></span> <span class='ocrx_word' id='word_1_195' title='bbox 1052 2911 1128 2974; x_wconf 78' lang='grc' dir='ltr'><em>νυνί</em></span> <span class='ocrx_word' id='word_1_196' title='bbox 1148 2910 1214 2995; x_wconf 86' lang='lat' dir='ltr'><strong>(Ar</strong></span> <span class='ocrx_word' id='word_1_197' title='bbox 1236 2909 1310 2996; x_wconf 80' lang='grc' dir='ltr'><strong>νῦν)</strong></span> 
     </span>
     <span class='ocr_line' id='line_1_27' title="bbox 217 3011 1310 3099; baseline 0.002 -23"><span class='ocrx_word' id='word_1_198' title='bbox 217 3011 336 3097; x_wconf 80' lang='lat' dir='ltr'>[LVI]</span> <span class='ocrx_word' id='word_1_199' title='bbox 358 3013 409 3078; x_wconf 86' lang='lat'><strong>40.</strong></span> <span class='ocrx_word' id='word_1_200' title='bbox 453 3034 514 3078; x_wconf 86' lang='lat' dir='ltr'><strong>nec</strong></span> <span class='ocrx_word' id='word_1_201' title='bbox 535 3012 683 3099; x_wconf 86' lang='lat' dir='ltr'><strong>equidem</strong></span> <span class='ocrx_word' id='word_1_202' title='bbox 707 3015 854 3079; x_wconf 85' lang='lat' dir='ltr'><strong>existimo</strong></span> <span class='ocrx_word' id='word_1_203' title='bbox 875 3034 916 3077; x_wconf 89' lang='lat' dir='ltr'><strong>ex</strong></span> <span class='ocrx_word' id='word_1_204' title='bbox 936 3013 1048 3078; x_wconf 87' lang='lat' dir='ltr'><strong>eodiee</strong></span> <span class='ocrx_word' id='word_1_205' title='bbox 1062 3015 1256 3096; x_wconf 77' lang='lat' dir='ltr'><strong>Augusteno</strong></span> <span class='ocrx_word' id='word_1_206' title='bbox 1277 3014 1310 3078; x_wconf 88' lang='lat' dir='ltr'>A</span> 
     </span>
     <span class='ocr_line' id='line_1_28' title="bbox 216 3114 1311 3202; baseline 0.002 -23"><span class='ocrx_word' id='word_1_207' title='bbox 216 3122 249 3179; x_wconf 86' lang='lat' dir='ltr'><strong>et</strong></span> <span class='ocrx_word' id='word_1_208' title='bbox 270 3114 381 3180; x_wconf 83' lang='lat' dir='ltr'><strong>codiee</strong></span> <span class='ocrx_word' id='word_1_209' title='bbox 401 3114 551 3181; x_wconf 83' lang='lat' dir='ltr'><strong>Parisino</strong></span> <span class='ocrx_word' id='word_1_210' title='bbox 572 3137 589 3178; x_wconf 88' lang='lat' dir='ltr'><strong>r</strong></span> <span class='ocrx_word' id='word_1_211' title='bbox 610 3115 738 3181; x_wconf 77' lang='grc' dir='ltr'><em>οὐδέπω</em></span> <span class='ocrx_word' id='word_1_212' title='bbox 760 3116 822 3181; x_wconf 87' lang='lat' dir='ltr'><strong>hoo</strong></span> <span class='ocrx_word' id='word_1_213' title='bbox 839 3117 911 3181; x_wconf 89' lang='lat' dir='ltr'><strong>looo</strong></span> <span class='ocrx_word' id='word_1_214' title='bbox 925 3138 985 3202; x_wconf 84' lang='lat' dir='ltr'><strong>pro</strong></span> <span class='ocrx_word' id='word_1_215' title='bbox 999 3115 1091 3182; x_wconf 86' lang='grc' dir='ltr'><em>οὐπω</em></span> <span class='ocrx_word' id='word_1_216' title='bbox 1105 3115 1311 3181; x_wconf 82' lang='lat' dir='ltr'><strong>scribendum</strong></span> 
     </span>
     <span class='ocr_line' id='line_1_29' title="bbox 214 3214 1310 3306; baseline 0.003 -25"><span class='ocrx_word' id='word_1_217' title='bbox 214 3237 301 3284; x_wconf 69' lang='lat' dir='ltr'><strong>essee</strong></span> <span class='ocrx_word' id='word_1_218' title='bbox 322 3218 419 3282; x_wconf 92' lang='lat' dir='ltr'><strong>immo</strong></span> <span class='ocrx_word' id='word_1_219' title='bbox 442 3214 569 3284; x_wconf 84' lang='grc' dir='ltr'><em>οὐδέπω</em></span> <span class='ocrx_word' id='word_1_220' title='bbox 583 3220 788 3284; x_wconf 77' lang='lat' dir='ltr'><strong>coniecturae</strong></span> <span class='ocrx_word' id='word_1_221' title='bbox 803 3221 943 3305; x_wconf 87' lang='lat' dir='ltr'><strong>speeiem</strong></span> <span class='ocrx_word' id='word_1_222' title='bbox 956 3219 1107 3306; x_wconf 74' lang='lat' dir='ltr'><strong>praebet:</strong></span> <span class='ocrx_word' id='word_1_223' title='bbox 1128 3240 1206 3283; x_wconf 80' lang='lat' dir='ltr'><strong>nem</strong></span> <span class='ocrx_word' id='word_1_224' title='bbox 1221 3219 1310 3306; x_wconf 90' lang='lat' dir='ltr'><strong>quod</strong></span> 
     </span>
     <span class='ocr_line' id='line_1_30' title="bbox 213 3320 1311 3410; baseline 0.004 -26"><span class='ocrx_word' id='word_1_225' title='bbox 213 3320 281 3386; x_wconf 89' lang='lat' dir='ltr'><strong>fere</strong></span> <span class='ocrx_word' id='word_1_226' title='bbox 303 3342 429 3406; x_wconf 85' lang='lat' dir='ltr'><strong>semper</strong></span> <span class='ocrx_word' id='word_1_227' title='bbox 451 3322 627 3403; x_wconf 78' lang='lat' dir='ltr'><strong>dicebatur,</strong></span> <span class='ocrx_word' id='word_1_228' title='bbox 648 3321 744 3386; x_wconf 82' lang='lat' dir='ltr'><strong>facile</strong></span> <span class='ocrx_word' id='word_1_229' title='bbox 766 3321 940 3388; x_wconf 84' lang='lat' dir='ltr'><strong>elibrariis</strong></span> <span class='ocrx_word' id='word_1_230' title='bbox 964 3345 1024 3410; x_wconf 90' lang='lat' dir='ltr'><strong>pro</strong></span> <span class='ocrx_word' id='word_1_231' title='bbox 1040 3344 1086 3406; x_wconf 88' lang='lat' dir='ltr'><strong>eo</strong></span> <span class='ocrx_word' id='word_1_232' title='bbox 1100 3321 1311 3408; x_wconf 87' lang='lat' dir='ltr'><strong>quodminus</strong></span> 
     </span>
     <span class='ocr_line' id='line_1_31' title="bbox 213 3424 766 3512; baseline 0.004 -24"><span class='ocrx_word' id='word_1_233' title='bbox 213 3425 368 3489; x_wconf 80' lang='lat' dir='ltr'><strong>usitehrm</strong></span> <span class='ocrx_word' id='word_1_234' title='bbox 390 3434 460 3489; x_wconf 85' lang='lat' dir='ltr'><strong>eret</strong></span> <span class='ocrx_word' id='word_1_235' title='bbox 482 3424 633 3491; x_wconf 85' lang='lat' dir='ltr'><strong>substitui</strong></span> <span class='ocrx_word' id='word_1_236' title='bbox 652 3427 766 3512; x_wconf 87' lang='lat' dir='ltr'><strong>potuit</strong></span> 
     </span>
    </p>

    <p class='ocr_par' dir='ltr' id='par_1_7' title="bbox 212 3523 1311 3818">
     <span class='ocr_line' id='line_1_32' title="bbox 300 3523 1311 3614; baseline 0.002 -23"><span class='ocrx_word' id='word_1_237' title='bbox 300 3531 330 3608; x_wconf 66' lang='grc' dir='ltr'><strong>ξ.</strong></span> <span class='ocrx_word' id='word_1_238' title='bbox 352 3527 405 3595; x_wconf 93' lang='grc'>21.</span> <span class='ocrx_word' id='word_1_239' title='bbox 450 3523 649 3614; x_wconf 78' lang='grc' dir='ltr'><em>ὐπορῥηθέν</em></span> <span class='ocrx_word' id='word_1_240' title='bbox 677 3538 745 3593; x_wconf 81' lang='lat' dir='ltr'><strong>tem</strong></span> <span class='ocrx_word' id='word_1_241' title='bbox 767 3527 931 3614; x_wconf 72' lang='lat' dir='ltr'><strong>singulare</strong></span> <span class='ocrx_word' id='word_1_242' title='bbox 953 3535 1017 3607; x_wconf 89' lang='lat' dir='ltr'><strong>est,</strong></span> <span class='ocrx_word' id='word_1_243' title='bbox 1047 3535 1085 3592; x_wconf 91' lang='lat' dir='ltr'><strong>nt</strong></span> <span class='ocrx_word' id='word_1_244' title='bbox 1104 3529 1171 3593; x_wconf 80' lang='lat' dir='ltr'><strong>ium</strong></span> <span class='ocrx_word' id='word_1_245' title='bbox 1190 3526 1311 3594; x_wconf 89' lang='lat' dir='ltr'><strong>Pollux</strong></span> 
     </span>
     <span class='ocr_line' id='line_1_33' title="bbox 213 3626 1311 3716; baseline 0.003 -24"><span class='ocrx_word' id='word_1_246' title='bbox 213 3627 255 3695; x_wconf 93' lang='grc' dir='ltr'><strong>Π.</strong></span> <span class='ocrx_word' id='word_1_247' title='bbox 279 3628 340 3694; x_wconf 91' lang='grc'>128</span> <span class='ocrx_word' id='word_1_248' title='bbox 362 3628 444 3695; x_wconf 82' lang='lat' dir='ltr'><strong>haee</strong></span> <span class='ocrx_word' id='word_1_249' title='bbox 465 3630 684 3697; x_wconf 80' lang='lat' dir='ltr'><strong>ednoteuerit:</strong></span> <span class='ocrx_word' id='word_1_250' title='bbox 706 3626 907 3716; x_wconf 74' lang='grc' dir='ltr'><em>ὐπορῥήθὲν</em></span> <span class='ocrx_word' id='word_1_251' title='bbox 927 3627 956 3695; x_wconf 86' lang='grc' dir='ltr'><strong>δ’</strong></span> <span class='ocrx_word' id='word_1_252' title='bbox 975 3627 1070 3715; x_wconf 78' lang='grc' dir='ltr'><em>αὐτῷ</em></span> <span class='ocrx_word' id='word_1_253' title='bbox 1084 3629 1311 3715; x_wconf 72' lang='grc' dir='ltr'><em>Δημσσθένης</em></span> 
     </span>
     <span class='ocr_line' id='line_1_34' title="bbox 212 3727 1311 3818; baseline 0.004 -22"><span class='ocrx_word' id='word_1_254' title='bbox 212 3728 281 3798; x_wconf 77' lang='grc' dir='ltr'><strong>εἶπε</strong></span> <span class='ocrx_word' id='word_1_255' title='bbox 302 3729 342 3796; x_wconf 74' lang='lat' dir='ltr'><strong>vd</strong></span> <span class='ocrx_word' id='word_1_256' title='bbox 364 3727 608 3817; x_wconf 74' lang='grc' dir='ltr'><strong>ἀπαγορευθέν.</strong></span> <span class='ocrx_word' id='word_1_257' title='bbox 652 3742 685 3799; x_wconf 89' lang='lat' dir='ltr'><strong>et</strong></span> <span class='ocrx_word' id='word_1_258' title='bbox 706 3756 785 3799; x_wconf 81' lang='lat' dir='ltr'><strong>sune</strong></span> <span class='ocrx_word' id='word_1_259' title='bbox 805 3734 863 3799; x_wconf 90' lang='lat' dir='ltr'><strong>nix</strong></span> <span class='ocrx_word' id='word_1_260' title='bbox 877 3732 1029 3800; x_wconf 82' lang='lat' dir='ltr'><strong>credibile</strong></span> <span class='ocrx_word' id='word_1_261' title='bbox 1044 3740 1094 3798; x_wconf 87' lang='lat' dir='ltr'><strong>est</strong></span> <span class='ocrx_word' id='word_1_262' title='bbox 1106 3727 1311 3818; x_wconf 68' lang='grc' dir='ltr'><em>ἀπορρηθὲν</em></span> 
     </span>
    </p>
   </div>
   <div class='ocr_carea' id='block_1_4' title="bbox 211 4003 1311 4342">
    <p class='ocr_par' dir='ltr' id='par_1_8' title="bbox 211 4003 1311 4252">
     <span class='ocr_line' id='line_1_35' title="bbox 282 4003 1311 4078; baseline -0.002 -17"><span class='ocrx_word' id='word_1_263' title='bbox 282 4009 309 4075; x_wconf 94' lang='grc'><strong>1)</strong></span> <span class='ocrx_word' id='word_1_264' title='bbox 326 4008 424 4063; x_wconf 85' lang='lat' dir='ltr'><strong>eodem</strong></span> <span class='ocrx_word' id='word_1_265' title='bbox 453 4022 536 4061; x_wconf 86' lang='lat' dir='ltr'><strong>sensu</strong></span> <span class='ocrx_word' id='word_1_266' title='bbox 556 4023 613 4078; x_wconf 88' lang='lat' dir='ltr'><strong>quo</strong></span> <span class='ocrx_word' id='word_1_267' title='bbox 636 4004 746 4061; x_wconf 69' lang='grc' dir='ltr'><em>οὐδέπω</em></span> <span class='ocrx_word' id='word_1_268' title='bbox 770 4013 819 4060; x_wconf 80' lang='grc' dir='ltr'><strong>καὶ</strong></span> <span class='ocrx_word' id='word_1_269' title='bbox 845 4007 969 4077; x_wconf 67' lang='grc' dir='ltr'><em>τήμερον</em></span> <span class='ocrx_word' id='word_1_270' title='bbox 990 4003 1196 4061; x_wconf 84' lang='lat' dir='ltr'><strong>Demosthenes</strong></span> <span class='ocrx_word' id='word_1_271' title='bbox 1218 4003 1311 4059; x_wconf 80' lang='lat' dir='ltr'><strong>utitur</strong></span> 
     </span>
     <span class='ocr_line' id='line_1_36' title="bbox 212 4092 1309 4164; baseline 0.011 -17"><span class='ocrx_word' id='word_1_272' title='bbox 212 4093 307 4148; x_wconf 82' lang='lat' dir='ltr'><strong>uerbis</strong></span> <span class='ocrx_word' id='word_1_273' title='bbox 326 4093 417 4149; x_wconf 82' lang='lat' dir='ltr'><strong>hisee:</strong></span> <span class='ocrx_word' id='word_1_274' title='bbox 435 4094 501 4164; x_wconf 78' lang='grc' dir='ltr'><em>ἄχρι</em></span> <span class='ocrx_word' id='word_1_275' title='bbox 518 4100 565 4158; x_wconf 75' lang='grc' dir='ltr'><strong>τῆς</strong></span> <span class='ocrx_word' id='word_1_276' title='bbox 581 4093 704 4164; x_wconf 79' lang='grc' dir='ltr'><em>τήμερον</em></span> <span class='ocrx_word' id='word_1_277' title='bbox 720 4093 824 4163; x_wconf 76' lang='grc' dir='ltr'><em>ἡμέρας</em></span> <span class='ocrx_word' id='word_1_278' title='bbox 841 4092 874 4148; x_wconf 80' lang='grc' dir='ltr'><strong>οὐ</strong></span> <span class='ocrx_word' id='word_1_279' title='bbox 891 4092 980 4148; x_wconf 85' lang='lat' dir='ltr'>VIIII.</span> <span class='ocrx_word' id='word_1_280' title='bbox 997 4095 1033 4152; x_wconf 82' lang='grc'>28</span> <span class='ocrx_word' id='word_1_281' title='bbox 1053 4096 1240 4164; x_wconf 60' lang='grc' dir='ltr'><strong>θῒμόκρῑῐῆὂ</strong></span> <span class='ocrx_word' id='word_1_282' title='bbox 1256 4093 1309 4159; x_wconf 66' lang='grc' dir='ltr'><strong>τή-</strong></span> 
     </span>
     <span class='ocr_line' id='line_1_37' title="bbox 211 4178 1047 4252; baseline 0.01 -21"><span class='ocrx_word' id='word_1_283' title='bbox 211 4199 300 4252; x_wconf 76' lang='grc' dir='ltr'><em>μερον</em></span> <span class='ocrx_word' id='word_1_284' title='bbox 317 4178 419 4249; x_wconf 74' lang='grc' dir='ltr'><em>ἡμέρας</em></span> <span class='ocrx_word' id='word_1_285' title='bbox 437 4179 469 4232; x_wconf 90' lang='grc' dir='ltr'><strong>οὐ</strong></span> <span class='ocrx_word' id='word_1_286' title='bbox 488 4179 548 4234; x_wconf 89' lang='lat' dir='ltr'><strong>XV.</strong></span> <span class='ocrx_word' id='word_1_287' title='bbox 566 4182 610 4250; x_wconf 91' lang='lat'><strong>10,</strong></span> <span class='ocrx_word' id='word_1_288' title='bbox 627 4179 746 4236; x_wconf 87' lang='lat' dir='ltr'>XVIIII.</span> <span class='ocrx_word' id='word_1_289' title='bbox 763 4182 823 4247; x_wconf 86' lang='grc'>297,</span> <span class='ocrx_word' id='word_1_290' title='bbox 840 4181 901 4239; x_wconf 83' lang='grc'>328.</span> <span class='ocrx_word' id='word_1_291' title='bbox 1043 4233 1047 4239; x_wconf 95' lang='grc'>.</span> 
     </span>
    </p>

    <p class='ocr_par' dir='ltr' id='par_1_9' title="bbox 280 4263 853 4342">
     <span class='ocr_line' id='line_1_38' title="bbox 280 4263 853 4342; baseline -0.002 -20"><span class='ocrx_word' id='word_1_292' title='bbox 280 4265 311 4336; x_wconf 90' lang='grc'>2)</span> <span class='ocrx_word' id='word_1_293' title='bbox 328 4263 365 4321; x_wconf 84' lang='lat' dir='ltr'><strong>cf.</strong></span> <span class='ocrx_word' id='word_1_294' title='bbox 383 4264 611 4342; x_wconf 74' lang='lat' dir='ltr'>[XXXXVIIJI</span> <span class='ocrx_word' id='word_1_295' title='bbox 643 4264 708 4322; x_wconf 77' lang='grc' dir='ltr'><em>οὐδὲ</em></span> <span class='ocrx_word' id='word_1_296' title='bbox 726 4274 779 4321; x_wconf 77' lang='grc' dir='ltr'><strong>νῦν</strong></span> <span class='ocrx_word' id='word_1_297' title='bbox 798 4287 853 4321; x_wconf 87' lang='grc' dir='ltr'><strong>πω.</strong></span> 
     </span>
    </p>
   </div>
   <div class='ocr_carea' id='block_1_5' title="bbox 0 0 1354 4658">
    <p class='ocr_par' dir='ltr' id='par_1_10' title="bbox 0 0 1354 4658">
     <span class='ocr_line' id='line_1_39' title="bbox 0 0 1354 4658; baseline 0 0"><span class='ocrx_word' id='word_1_298' title='bbox 0 0 1354 4658; x_wconf 95' lang='lat' dir='ltr'><strong> </strong></span> 
     </span>
    </p>
   </div>
  </div>
 </body>
</html>
