2700 4658
499 190 820 284 -134w

60 408 149 451 esse:
180 386 242 453 hoc
264 388 350 452 enim
372 389 429 475 qui
450 387 582 454 tandem
603 389 674 453 fieri
706 391 828 475 potuit,
856 410 929 454 cum
950 390 1161 463 Parmenonti

59 511 134 552 cum
156 491 317 574 Apaturio
340 491 419 556 nihil
440 493 551 577 negoti
581 491 691 558 essct?
723 492 787 556 huc
807 493 947 575 accedit,
977 492 1065 580 quod
1093 516 1159 559 una

58 595 185 658 intenta
208 602 256 657 est
277 593 406 680 actio¹)‚
429 604 465 659 ut
488 595 571 659 duae
592 595 667 660 illae
693 618 777 683 quae
800 596 842 661 ab
866 605 992 662 oratore
1013 596 1159 682 prolatae

60 702 137 760 sunt
159 717 295 762 caussae
318 696 428 784 aliqua
449 698 574 764 ratione
596 699 812 764 conectendas
835 700 907 764 sint.
984 685 985 688 Ἴ

148 820 309 883 ageuero
334 802 499 887 quaeritur
529 824 624 881 nunc,
653 802 976 905 quampotissimum
999 802 1158 866 actionem

60 900 248 967 Parmenon
269 902 452 968 intenderit.
497 913 594 988 prout
623 906 709 968 enim
736 905 790 969 uel
812 904 896 970 hanc
930 903 981 970 uel
1007 903 1095 968 illam
1117 926 1159 967 ex

61 1004 187 1069 caussis
224 1004 266 1068 ab
295 1014 423 1070 oratore
455 1004 561 1070 allatis
595 1007 702 1092 magis
731 1011 959 1093 presserimus‚
992 1017 1049 1072 aut
1084 1006 1158 1090 δίκη

60 1099 192 1191 βλάβης
208 1116 265 1172 aut
279 1107 355 1186 δίκη
371 1110 481 1183 αἰκίας
495 1108 712 1194 intellegenda
727 1121 784 1176 est
828 1111 906 1198 quid
921 1111 1021 1196 igitur
1033 1111 1159 1189 mirum,

61 1211 89 1273 si
120 1218 171 1274 est
198 1231 318 1296 magna
346 1212 490 1276 uirorum
530 1212 695 1279 doctorum
728 1213 885 1279 dissensio
896 1213 946 1300 ²)?
1004 1212 1159 1280 Schaefer

62 1334 137 1400 pag.
167 1313 230 1379 298
261 1322 294 1377 et
323 1312 583 1402 Thonissenus³)
616 1315 711 1394 δίκην
739 1308 871 1400 βλάβης
903 1317 1002 1382 fuisse
1039 1315 1158 1394 dicunt,

61 1417 165 1481 Meier
174 1415 200 1502 ⁴)
223 1425 255 1480 et
275 1415 444 1502 Platner⁶)
466 1417 626 1503 ambiguis
649 1421 785 1484 oratoris
808 1419 917 1484 uerbis
938 1419 1062 1485 inducti
1078 1418 1160 1483 duas

62 1518 164 1583 fuisse
187 1519 331 1584 actiones
354 1527 387 1583 et
408 1519 504 1599 δίκην
526 1522 637 1597 αἰκίας
668 1529 700 1585 et
722 1521 817 1601 δίκην
837 1517 969 1607 βλάβης
990 1543 1160 1610 perperam

63 1629 228 1705 statuunt,
256 1621 429 1686 Darestius
452 1622 588 1709 denique
618 1646 693 1710 pag.
722 1626 784 1690 198
795 1625 820 1712 ⁶)
853 1635 976 1690 certum
1005 1624 1159 1691 iudicium

63 1724 173 1789 facere
188 1746 253 1807 non
268 1725 377 1805 audet,
397 1733 471 1789 utra
487 1725 529 1789 sit
542 1727 757 1811 praeferenda
771 1728 864 1793 actio.
908 1728 994 1814 quod
1010 1730 1037 1794 si
1052 1728 1161 1814 aliqua

64 1829 202 1894 oratoris
232 1826 342 1894 uerbis
370 1827 451 1892 fides
479 1828 631 1895 habenda
660 1841 726 1913 est,
755 1832 851 1910 δίκην
879 1833 990 1908 αἰκίας
1018 1830 1161 1915 intellegi

62 1940 218 2016 praestat.
270 1932 389 1996 etenim
417 1931 470 1995 fac
499 1932 594 2011 δίκην
620 1927 752 2018 βλάβης
779 1934 937 1998 intentam
967 1957 1059 2017 esses
1082 1933 1159 2020 quid

62 2032 254 2100 uerberibus
291 2035 538 2100 Parmenontem
572 2037 687 2100 itinere
718 2034 916 2121 prohibitum
949 2058 1019 2102 esse
1053 2045 1161 2103 orator

62 2138 109 2204 ita
131 2138 259 2225 premit,
292 2147 328 2202 ut
350 2138 438 2202 dicat
467 2143 533 2202 τῶν
553 2160 595 2201 τε
621 2138 757 2224 πληγῶν
785 2139 858 2204 καὶ
887 2140 942 2204 ὅτι
971 2141 1051 2207 ast?
1084 2161 1160 2203 nam

64 2243 134 2306 siue
156 2241 347 2306 uerberibus
363 2243 432 2306 siue
454 2241 519 2305 alia
539 2265 575 2306 re
589 2243 773 2307 retardatus
789 2252 867 2326 erat,
889 2242 953 2307 litis
969 2244 1160 2326 aestimatio,

62 2344 151 2431 quod
173 2343 292 2410 Graeci
314 2346 444 2429 τίμημα
466 2343 594 2429 dicunt,
621 2345 735 2411 eadem
756 2355 842 2427 erat,
873 2345 1053 2411 cumidem
1076 2355 1162 2411 esset

63 2495 245 2504 mmm
255 2501 272 2506 .-

134 2573 160 2638 1)
179 2570 196 2637 ἓ
209 2570 250 2623 13.
282 2573 459 2633 ἐνεστηκυίας
471 2573 518 2633 τῆς
531 2563 621 2632 Ainus:
635 2567 708 2623 falso
721 2568 805 2638 igitur
815 2568 924 2622 iudicat
934 2566 1079 2621 Johannes
1090 2567 1161 2620 Her-

62 2672 182 2710 mannus
200 2670 267 2726 pag.
284 2655 315 2720 8,
339 2654 388 2725 qui
407 2654 524 2708 dubium
547 2670 608 2707 esse
627 2655 708 2724 dicit,
731 2670 854 2709 uramus
876 2670 914 2709 an
938 2655 1008 2709 duas
1034 2653 1160 2708 actiones

61 2743 226 2797 Parmenon
253 2742 391 2814 Apaturio
416 2741 577 2796 intenderit
612 2741 649 2798 cf.
674 2743 707 2797 A.
731 2741 867 2796 Schaefer
888 2758 956 2814 pag.
978 2742 1030 2797 299
1052 2746 1108 2796 not
1133 2742 1159 2808 2,

62 2827 176 2884 Darest.
194 2843 260 2898 pag.
279 2828 344 2882 198:
362 2827 384 2880 il
400 2828 446 2898 n’y
464 2828 542 2882 avait
560 2827 660 2899 qu’une
678 2829 755 2883 seule
772 2829 868 2884 action
886 2828 1019 2884 intentes.

134 2917 165 2986 2)
183 2914 288 2969 Libani
306 2915 336 2969 in
354 2919 520 2985 argumento
538 2917 628 2969 uerba
651 2912 752 2969 ἐδίωκε
775 2912 827 2969 τίν
837 2914 1028 2984 Ἀπατούριον
1045 2912 1160 2987 πληγῶν

62 3024 93 3057 τε
113 3008 162 3055 καί
179 3001 287 3070 βλάβης
305 2999 386 3055 nihili
404 2997 540 3056 faciunda
558 3009 637 3057 sunt:
662 3005 686 3056 is
705 3002 779 3056 enim
803 3003 922 3057 oratoris
944 3001 1033 3055 uerba
1052 3016 1102 3054 suo
1118 2998 1159 3055 iu·

64 3090 139 3144 dicio
159 3079 218 3143 noir
235 3087 400 3160 interposito
421 3089 541 3158 repetiit.
816 3158 818 3161 Ι

131 3177 163 3248 3)
180 3175 248 3232 hcl.
264 3193 332 3248 pag.
344 3177 404 3231 277.
439 3175 601 3231 Parmenon
613 3191 649 3230 en
668 3173 759 3246 (δίκην
773 3175 889 3244 βλάβης)
901 3173 934 3228 fit
952 3179 1052 3228 autaut
1061 3177 1159 3228 contre

62 3264 227 3335 Apaturios‚
246 3265 295 3334 qui
312 3263 408 3317 l’avait
425 3260 559 3333 empAche
581 3262 616 3315 de
634 3260 706 3316 faire
719 3280 759 3318 un
777 3260 895 3316 lucratis
909 3275 1021 3332 voyage
1040 3260 1075 3314 de
1092 3275 1160 3314 mer.

135 3350 163 3419 4)
182 3349 219 3405 cf.
240 3351 294 3403 litt.
314 3349 373 3403 Att.
391 3365 458 3421 pag.
477 3349 538 3404 550.
573 3347 709 3410 hiernach
733 3349 804 3403 wird
828 3365 895 3403 man
918 3347 998 3402 nicht
1022 3344 1159 3414 zweifetn,

63 3438 144 3505 dass,
172 3453 253 3491 wenn
282 3436 443 3490 Parmenon
469 3435 524 3488 den
548 3436 704 3504 Apaturius
729 3436 862 3507 verklagt
890 3441 950 3489 τῶν
977 3431 1091 3505 πληγῶν
1116 3422 1159 3484 ὦν

63 3523 168 3592 ἔλαβεν
184 3519 242 3577 aad
261 3522 377 3581 τούτου,
408 3521 467 3575 dies
485 3539 538 3575 nur
562 3523 591 3576 in
609 3523 686 3578 einer
704 3523 789 3595 klage
815 3524 907 3579 αἰκίας
931 3519 1091 3592 geschehcn
1109 3518 1159 3584 ssi,

66 3619 95 3667 et
106 3627 175 3683 pag.
188 3613 249 3677 479,
266 3611 425 3665 Parmenon
439 3608 538 3678 klagte
549 3625 643 3680 gegen
655 3611 811 3682 Apaturius
824 3607 938 3678 βλάβης,
950 3607 1014 3661 weil
1027 3622 1057 3661 er
1070 3606 1159 3661 durch

66 3699 117 3752 ihn
136 3714 172 3751 an
192 3697 268 3752 einer
287 3697 443 3751 lucrativcn
462 3695 587 3750 seefahrt
604 3697 754 3767 gehindert
770 3695 885 3750 worden
902 3695 951 3748 sei.

135 3785 165 3855 h)
183 3783 219 3839 cf.
233 3783 271 3840 11.
290 3799 357 3853 pag.
376 3783 434 3837 198.
465 3781 528 3835 eine
543 3781 628 3854 klage
646 3784 737 3840 αἰκίας
755 3782 793 3837 ist
811 3779 1008 3836 unbezweifelt
1026 3779 1085 3846 die,
1103 3795 1158 3835 wo-

62 3872 115 3926 mit
132 3871 294 3926 Parmenon
313 3871 368 3923 den
386 3868 542 3938 Apaturius
558 3885 657 3940 wegen
685 3869 888 3940 empfangener
908 3867 1024 3937 schltige
1043 3866 1159 3938 belangt

62 3959 158 4028 (Dem.
174 3972 238 4028 geg.
251 3960 337 4027 Apat
352 3956 424 4026 896),
442 3963 471 4010 ct
488 3954 522 4008 11.
539 3972 606 4027 pag.
617 3957 677 4010 372.
702 3972 799 4028 wegen
812 3956 904 4010 dieses
922 3956 1032 4008 lucrum
1045 3969 1159 4008 cessans

64 4047 185 4116 belangt
202 4043 362 4099 Parmcnon
385 4045 440 4098 den
456 4043 609 4113 Apaturius
633 4044 703 4113 (896.
725 4045 772 4115 20)
789 4043 847 4096 und
870 4058 959 4108 awai,
986 4042 1037 4095 wie
1060 4041 1090 4095 in
1108 4041 1158 4096 der

62 4132 287 4202 inhaltsangabe
303 4130 407 4202 richtig
424 4129 554 4184 bomerkt
571 4131 616 4200 ist,
634 4129 750 4199 βλάβης.

134 4221 164 4290 6)
181 4217 276 4272 c'ttait
293 4219 365 4273 donc
384 4234 421 4272 ou
439 4217 552 4272 l'action
572 4219 662 4274 αἰκίας
680 4234 716 4272 ou
733 4217 847 4272 l'aotiou
864 4213 980 4285 βλάβης.
