2700 4658
567 258 778 322 ..20-

123 435 168 506 εὶς
182 428 277 514 ὑμᾶς.
311 428 458 495 uidemus
471 429 714 515 Theophemum
729 428 890 516 quendam
904 426 947 491 ab
959 446 1097 491 caussae
1111 435 1208 488 actore

124 535 313 599 iniuriarum
347 542 534 598 accusatum
567 556 654 615 esse,
687 534 881 599 contrariam
916 540 1024 595 autem
1057 528 1209 593 actionem

124 639 306 703 accusatori
335 658 356 700 a
385 634 592 721 Theophemo
621 638 778 700 intentam
811 657 890 699 esse.
940 643 1114 719 utramque
1142 650 1209 694 uero

125 743 282 806 actionem
314 742 488 825 separatim
526 762 546 803 a
575 739 710 825 singulis
747 739 896 803 diaetetis
926 739 1121 800 instructam
1149 754 1210 799 esse

124 853 266 910 constat:
281 866 357 908 narn
373 852 412 907 et
427 843 607 908 diaetetae
622 853 913 908 commemorantur
929 850 961 905 et
980 838 1096 905 dicae
1107 840 1143 926 ¹).
1178 857 1211 900 ac

125 971 166 1012 ne
189 949 354 1012 existimes
378 947 459 1011 duas
480 947 560 1010 istas
583 946 671 1010 dicas
693 956 807 1032 postea
829 946 1017 1009 coniunctas
1039 961 1128 1007 esse:
1156 959 1212 1004 non

125 1052 231 1137 plures
254 1051 413 1115 diactetae
435 1047 556 1134 publici
578 1070 676 1113 unam
700 1051 788 1113 litem
811 1048 978 1112 diudioare
1010 1045 1175 1110 debebant
1183 1043 1211 1126 2).

125 1156 191 1219 iam
216 1176 293 1219 uero
316 1175 390 1217 cum
411 1154 445 1215 in
469 1173 506 1216 eo
530 1163 630 1232 esset,
658 1163 694 1216 ut
716 1153 834 1216 actoris
866 1152 1006 1215 diaeteta
1028 1147 1212 1213 sententiam

126 1257 258 1339 faceret,
273 1254 499 1343 Theophemus
516 1256 722 1341 paragrapho
737 1266 770 1320 ct
784 1255 975 1341 hypomosia
984 1252 1008 1338 3)
1024 1248 1214 1337 interpositis

125 1359 284 1446 prohibet,
308 1369 339 1424 et
360 1360 518 1423 actionem
542 1381 634 1422 suam
656 1358 699 1424 ad
720 1358 853 1432 iudices¹
867 1358 983 1438 defert,
1012 1357 1070 1443 qui
1093 1353 1213 1441 quidem

126 1463 208 1528 falso
240 1463 422 1528 testimonie
453 1462 579 1548 decepti
602 1471 743 1528 actorem
774 1460 988 1527 condemnant
997 1459 1033 1545 ⁴).
1079 1455 1214 1523 narratio

126 1566 256 1631 breuior
272 1574 329 1647 est,
344 1575 379 1630 ut
393 1566 585 1630 coniecturis
606 1566 692 1630 latus
707 1575 817 1653 pateat
832 1586 979 1650 campus:
993 1585 1056 1647 ego
1073 1560 1214 1647 equidem

127 1691 176 1753 ea,
199 1691 283 1756 quae
297 1669 413 1734 Pollux
437 1666 527 1735 VIII.
543 1670 584 1734 58
600 1669 687 1749 dicit,
701 1671 890 1734 recordatus
910 1687 1103 1754 persuasum
1118 1663 1214 1730 habco

129 1772 371 1860 Theophemum
402 1772 606 1859 paragraphe
636 1796 695 1838 sua
725 1775 912 1859 exposuisse
942 1770 1161 1857 antigraphae
1187 1786 1216 1830 sc

126 1876 317 1958 intendisse,
348 1876 540 1962 antigrapho
569 1885 676 1940 eutem
704 1879 829 1941 intenta
856 1897 1004 1940 caussam
1026 1871 1215 1938 contrariam

85 2056 87 2060 y
126 1981 279 2045 neniam
302 1979 356 2062 agi
377 2001 481 2064 posse.
526 1979 644 2065 quibus
672 1981 827 2065 expositis
856 1979 964 2042 diaeta
985 1976 1066 2040 mihi
1095 1974 1216 2040 uidetur

127 2082 227 2147 dilata
249 2105 329 2148 esse.
373 2103 457 2167 quae
478 2084 506 2146 si
528 2091 599 2147 erat
620 2104 726 2147 rerum
742 2083 899 2157 condicio,
920 2082 1006 2146 actio
1028 2076 1216 2167 antigrapho

127 2195 160 2250 ct
182 2186 284 2252 dilata
305 2194 355 2250 est
377 2195 421 2266 et,
454 2206 526 2248 cum
549 2184 755 2251 aduersarius
779 2183 972 2270 antigraphe
993 2184 1146 2264 uicisset,
1173 2202 1215 2244 re·

128 2290 231 2354 scissa
240 2291 277 2375 ⁶).
295 2336 297 2340 -
320 2309 424 2374 neque
446 2289 531 2351 enim
553 2289 700 2372 equidem
724 2289 946 2354 Schoemanno
970 2281 1215 2369 assentior„qui

129 2437 139 2442 -
144 2437 334 2446 -—.—..---—.

198 2514 224 2579 1)
243 2511 279 2565 cf.
297 2511 362 2566 Mei.
381 2513 405 2566 dr
422 2512 547 2566 Schoam.
566 2511 618 2567 litt.
635 2513 719 2567 Attic.
738 2531 802 2584 pag.
821 2513 881 2578 653,
900 2509 1007 2564 flectet
1024 2527 1091 2582 pag.
1110 2510 1170 2565 432.

198 2599 226 2668 2)
244 2598 393 2654 cf.Meie1i
410 2600 513 2654 librum
526 2599 575 2669 qui
592 2599 754 2654 inscribitur
774 2600 818 2653 die
830 2596 1146 2670 privatschiedsrichter
1162 2593 1214 2651 und

132 2684 178 2739 die
197 2684 379 2740 offendichen
397 2687 538 2745 diaeteten
555 2685 669 2752 Athens,
687 2687 767 2740 Halia
785 2688 862 2753 1846,
879 2702 944 2756 pag.
962 2685 980 2739 5
999 2702 1100 2740 summ.
1118 2691 1148 2739 et
1159 2697 1214 2737 ora·

128 2771 213 2826 tionis
232 2775 298 2841 §56
323 2780 353 2827 et
368 2774 414 2842 47,
436 2755 522 2827 ubid
548 2769 689 2838 διαιτητής
718 2779 958 2829 commemoratur.
998 2772 1082 2826 aliter
1110 2770 1215 2842 quidem

128 2875 188 2912 rem
207 2859 330 2930 explicat
341 2859 457 2913 Platner
475 2857 513 2913 11.
526 2874 593 2929 pag.
612 2860 672 2925 201,
692 2862 740 2931 qui
756 2861 837 2915 haec:
857 2860 917 2914 hier
935 2858 1000 2912 sind
1014 2859 1061 2912 die
1079 2850 1215 2911 diaetewi

129 2952 269 3016 genannt‚
295 2946 332 2999 da
350 2946 451 2999 vorher
467 2945 527 2998 und
551 2944 677 2999 nachher
700 2946 798 3000 immer
815 2965 869 3002 nur
886 2963 940 3001 von
963 2945 1056 3000 einem
1080 2943 1215 2998 diaeteten

126 3031 303 3102 gesprcchen
320 3031 400 3088 wird.
436 3032 526 3085 daran
551 3030 588 3084 ist
606 3032 658 3087 wol
676 3033 744 3109 kein
762 3040 869 3089 anstose
893 3051 929 3087 au
951 3033 1083 3098 nahmen,
1112 3030 1150 3084 da
1171 3028 1215 3082 der

125 3118 247 3187 pluralis
265 3118 424 3190 gebraueht
439 3119 517 3187 wird,
536 3135 587 3172 um
606 3119 660 3173 die
683 3121 823 3175 instana
848 3138 889 3175 au
910 3117 1135 3173 bezeichnen.
1170 3113 1215 3169 sed

131 3204 203 3258 haec
229 3205 370 3259 sententia
394 3205 542 3275 probanda
565 3223 622 3262 non
645 3215 699 3269 est,
727 3208 794 3278 quia
818 3206 954 3260 articulus
976 3213 1042 3260 ante
1067 3202 1215 3262 διαιτητῶν

129 3292 249 3345 omissus
261 3300 317 3346 ost:
330 3278 363 3340 οἱ
372 3287 516 3357 διαιτηταί
525 3309 583 3347 non
592 3289 737 3360 διαιτηταί
742 3295 811 3349 ordo
825 3294 1012 3348 diaetetarum
1022 3292 1160 3346 dicendus
1171 3293 1214 3345 cot

199 3379 226 3448 3)
247 3378 282 3435 cf.
301 3378 429 3434 Schoem.
445 3377 497 3432 litt
515 3379 597 3432 Attic.
615 3395 681 3449 pag.
700 3382 760 3436 698.
778 3386 835 3434 not.
856 3383 897 3434 11.

126 3456 129 3461 ’
196 3466 225 3532 4)
244 3465 320 3535 quod
339 3464 756 3536 A.Schaefe111113pag.194
775 3466 856 3520 dicit:
875 3457 1214 3520 iibereinstimmend

128 3551 193 3603 mit
211 3551 288 3604 dem
307 3550 530 3622 ausspruche
556 3552 613 3605 dee
632 3553 816 3605 diaeteten
833 3551 995 3605 verurteilte
1014 3551 1066 3604 der
1086 3548 1215 3622 gerichte

125 3637 179 3690 hof
198 3637 254 3690 den
272 3637 406 3707 sprecher
424 3641 453 3691 in
472 3637 518 3691 die
534 3637 636 3692 kosten
653 3644 714 3703 cet,
732 3639 808 3691 unde
824 3637 877 3690 hoc
893 3637 935 3690 uir
955 3636 1136 3690 doctissimus
1153 3635 1231 3689 haus

126 3722 195 3776 serit
213 3723 343 3794 equidem
361 3741 417 3778 non
435 3723 556 3778 inuenio.

195 3809 224 3876 5)
242 3825 300 3878 qua
317 3809 428 3864 ratione
447 3826 549 3863 caussa
567 3827 586 3863 a
604 3809 727 3866 diaeteta
745 3811 782 3864 ad
806 3808 913 3863 iudices
931 3809 1092 3878 transierit,
1121 3821 1214 3879 pamm

124 3895 250 3948 interest.
294 3895 378 3948 etiam
401 3896 425 3949 si
448 3912 545 3950 uerum
568 3903 611 3949 est
634 3897 710 3967 quod
727 3894 927 3950 Hudtwalcker
949 3895 978 3949 in
1007 3895 1080 3950 libro
1109 3895 1158 3966 qui
1178 3893 1214 3947 in·

126 3979 260 4034 scribitur
277 3982 349 4035 iiber
367 3982 413 4035 die
427 3980 609 4036 dffentlichen
627 3983 685 4036 und
697 3979 1019 4050 privat-schiedsrichter
1030 3981 1214 4035 -diaeteten

123 4097 159 4106 -
177 4066 207 4120 in
219 4066 323 4134 Athen,
341 4067 427 4121 lenae
447 4068 525 4134 1812,
543 4083 608 4135 pag.
622 4068 682 4131 129,
699 4073 758 4120 not.
779 4067 821 4130 75,
841 4082 959 4137 eumque
974 4071 1089 4121 secutus
1102 4067 1214 4121 Plamer

125 4152 163 4208 ΙΙ.
186 4169 251 4224 pag.
270 4155 322 4210 202
341 4154 436 4207 dixere
454 4153 647 4222 appellatione
669 4167 799 4206 caussam
817 4151 855 4205 ad
879 4151 985 4205 iudices
1005 4153 1132 4207 delatam
1150 4165 1214 4216 esec,

139 4254 221 4295 amen
239 4247 336 4295 nostra
348 4239 422 4294 ratio
439 4256 495 4293 non
508 4239 696 4310 perturbatur.
732 4253 797 4291 nam
815 4238 862 4291 fac
875 4238 1089 4309 Theophemum
1108 4256 1127 4295 a
1145 4239 1213 4295 dieo·
