2700 4658
551 251 759 316 ...43-

176 500 180 508 ¹
200 417 451 510 Μυρῥινούσιος,
473 426 585 489 ἔπειτα
607 414 808 508 πειράσομαι
823 425 880 488 καὶ
894 428 929 487 ἐκ
946 423 1126 510 τεκμηρίων
1140 417 1204 501 τὴν

199 522 383 612 ἀπολογίαν
412 525 627 608 ποιήσασθαι
656 518 683 590 oi
711 517 825 609 ἄνδρες
853 525 1017 593 δικασταί.
1068 526 1203 610 πρῶτον

199 631 257 714 μὲν
284 629 380 696 ΟΥΝ
403 624 478 697 τὸν
502 623 659 716 χρόνον
680 630 816 713 ἐμαυτῷ
837 625 983 712 ἡγοῦμαι
1003 620 1202 716 μάρτυρα

198 729 280 798 εἶναι
309 735 370 799 τοῦ
395 732 444 817 μὴ
463 730 591 813 ἀληθὲς
613 726 652 797 τὸ
676 732 822 815 ἐγκλημα
844 727 929 797 εἶναι
956 770 997 780 -
1028 731 1098 818 (27)
1120 731 1204 814 λαβὲ

200 829 238 914 δή
259 860 318 920 μοι
341 838 397 901 καί
419 831 480 903 τὸν
501 828 607 920 νόμον
629 829 666 911 ὃς
688 829 807 900 κελεύει
828 827 891 910 τοὶς
906 830 1026 921 ἐγγύας
1040 836 1203 909 ἐπετείους

199 935 288 1005 εἶναι.
340 940 396 1004 καὶ
426 935 487 1005 οὐκ
517 939 725 1025 ἰσχυρίζομαι
753 939 802 1022 τῷ
828 931 933 1022 νόμῳ,
965 937 1008 1014 ὡς
1033 934 1073 1003 οὐ
1096 938 1144 1004 δεῖ
1163 961 1204 1022 με

197 1042 289 1121 δίκην
300 1043 426 1123 ὁοῦναι,
436 1047 462 1108 εί
469 1035 697 1127 ἠγγυησάμην,
706 1035 793 1107 ἄλλοί
806 1033 999 1126 μοίρτυροὲ
1012 1044 1083 1128 μοί
1102 1062 1204 1127 φημι

198 1139 273 1213 τὸν
301 1141 433 1230 νόμον
460 1144 571 1211 εἶναι
600 1143 661 1210 τοῦ
689 1138 737 1228 μὴ
764 1138 998 1229 ἐγγυήσασθαι
1020 1145 1077 1208 καὶ
1098 1136 1205 1209 αὐτὸν

199 1247 326 1314 τοῦτον.
382 1271 423 1313 ex
454 1271 516 1335 quo
540 1249 772 1314 sententiarum
794 1268 920 1312 conexu
943 1247 1022 1311 satis
1046 1268 1205 1334 superque

198 1351 323 1416 elucere
343 1351 422 1417 mihi
444 1351 572 1418 uidetur
594 1360 754 1417 oratorem
775 1373 815 1416 ea
836 1350 1036 1433 testimonia,
1064 1371 1147 1435 quae
1170 1372 1204 1414 se

198 1453 397 1540 prolaturum
418 1456 574 1542 promisit,
594 1478 630 1520 re
651 1476 731 1520 uera
751 1454 931 1541 protulisse.
979 1454 1013 1518 in
1035 1477 1075 1519 ea
1097 1461 1205 1518 autem

197 1579 231 1623 re
253 1566 349 1641 errat,
372 1557 460 1644 quod
481 1580 521 1623 ea
542 1566 742 1644 argumenta,
771 1547 854 1643 quae
876 1556 985 1640 legum
1007 1566 1039 1621 et
1060 1559 1203 1623 testimo-

197 1662 321 1727 niorum
344 1662 553 1727 fundamento
576 1663 731 1737 nituntur,
753 1661 833 1746 ipsis
855 1661 989 1746 opponit
1006 1663 1204 1745 argumentis

199 1774 230 1829 et
256 1765 387 1830 nomine
412 1757 591 1851 μαρτύριον
620 1765 763 1848 insignit.
819 1784 1015 1850 quamquam
1042 1787 1107 1830 non
1137 1774 1204 1829 tam

198 1869 356 1932 errauisse
385 1867 514 1933 uidetur
540 1890 638 1955 quam
667 1867 812 1934 consulto
842 1866 905 1932 hao
932 1866 1106 1934 uerborum
1131 1889 1205 1934 oon·

117 2013 121 2022 -
198 1971 324 2037 fusione
345 1993 423 2036 usus
446 1993 526 2053 esse,
550 1980 587 2036 ut
609 1969 826 2060 sophistarum
848 1971 973 2035 ratione
996 1970 1147 2054 efficeret,
1169 1981 1205 2036 ut

200 2075 229 2137 ei
261 2075 317 2162 qui
348 2077 527 2140 orationem
549 2075 700 2141 audirent
730 2074 792 2142 sihi
816 2075 1048 2163 persuaderent
1068 2098 1104 2139 re
1126 2098 1205 2142 uera

197 2177 390 2243 inartificiali
419 2179 612 2266 probatione
642 2180 897 2245 demonstratum
919 2200 1006 2258 esse,
1041 2178 1127 2265 quod
1150 2179 1204 2245 de·

199 2289 411 2346 monstratum
426 2305 491 2348 non
507 2292 584 2349 erat.
629 2282 714 2348 hano
728 2285 762 2348 in
778 2284 970 2348 sententiam
984 2291 1020 2347 ut
1034 2281 1205 2370 disputem,

198 2405 236 2447 ea
265 2385 468 2472 potissimum
489 2407 525 2450 re
546 2409 758 2469 conmoueor,
791 2385 877 2473 quod
896 2385 997 2466 idem,
1022 2387 1077 2471 qui
1106 2396 1203 2452 antea

199 2482 371 2574 μάρτυρας
405 2496 438 2552 et
471 2481 631 2574 τεκμήρια
656 2489 753 2577 plane
785 2489 948 2571 distinxit,
977 2496 1091 2575 postea
1119 2489 1204 2555 hanc

202 2588 439 2656 distinctionem
460 2593 532 2679 ipse
554 2592 722 2658 obseurat:
744 2614 821 2656 nam
843 2613 917 2655 eum
938 2591 1144 2679 paragrapho
1163 2595 1204 2658 27

203 2683 264 2756 τὸν
291 2683 398 2777 νόμον
428 2695 489 2760 sibi
517 2691 673 2781 μάρτυρα
702 2717 772 2759 esse
804 2693 905 2774 dieat,
933 2694 1140 2782 paragrapho
1164 2697 1205 2761 28

201 2793 249 2858 his
257 2797 379 2880 pergit:
390 2800 540 2881 γενέσθαι
553 2800 668 2863 τοίνυν
675 2798 766 2862 ΚΑΙ
772 2799 873 2863 τοῦτο
885 2794 965 2882 είμῖν
981 2792 1207 2883 τεκμήριον,

203 2899 295 2984 quasi
325 2909 422 2964 antea
447 2923 511 2966 non
533 2902 717 2974 testimonia
739 2901 796 2966 sod
819 2911 1010 2986 argumenta
1031 2902 1208 2988 protulerit.

205 3025 241 3066 ae
263 3000 415 3066 facillime
436 3003 506 3067 fieri
527 3005 642 3090 potuit,
664 3012 700 3068 ut
722 3014 831 3070 orator
851 3005 974 3071 iudices
990 3006 1134 3071 oratione
1150 3027 1209 3069 sua

200 3103 332 3172 falleret.
391 3108 509 3170 etenim
543 3108 641 3171 etiam
669 3108 698 3171 si
725 3130 790 3173 non
819 3108 1065 3189 Demosthenis,
1101 3116 1209 3172 tamen

205 3207 339 3272 aliorum
357 3215 522 3274 oratorum
544 3211 643 3275 moris
665 3218 723 3290 est,
745 3219 781 3274 ut
801 3210 995 3277 documenta
1016 3220 1107 3275 muta
1127 3204 1211 3295 μοίρ-

204 3334 304 3397 τυρας
326 3311 444 3376 dioant
467 3312 505 3376 ef.
529 3313 655 3399 [Dem]
677 3313 889 3380 XXXXVII.
910 3315 960 3377 24.
985 3309 1114 3379 τούτων
1133 3310 1211 3394 ὑμῖν

205 3408 419 3498 μάρτυρας
451 3414 638 3500 παρέξομαι
658 3411 707 3481 τό
736 3440 780 3480 τε
810 3409 1010 3504 ψήφισμα
1038 3417 1104 3479 καὶ
1134 3408 1213 3480 τὸν

204 3517 344 3598 νόμον,
367 3522 478 3584 ἔπειτα
500 3519 563 3596 τὴν
587 3513 693 3605 ἀρχὴν
714 3510 822 3597 αὐτὴν
843 3510 905 3597 τὴν
920 3516 1140 3602 παραδοῦσαν
1157 3521 1213 3583 καὶ

208 3619 451 3704 εἰσαγαγοῦσαν
485 3624 529 3696 είς
562 3615 600 3687 τὸ
629 3618 859 3709 δικαστήριον,
891 3622 1042 3687 Aeschin.
1072 3619 1132 3687 Ill.
1162 3622 1214 3687 31.

206 3717 417 3808 μοίρτυρας
439 3716 512 3805 ἅμα
534 3719 628 3799 τοὺς
649 3718 796 3808 νόμους
819 3726 887 3788 καὶ
903 3717 955 3789 τοὶ
970 3726 1214 3812 ψηφίσματα

209 3827 265 3890 καὶ
288 3820 365 3900 τοὺς
388 3822 577 3901 ἀντιδίκους
600 3820 821 3913 παρεχόμενος
842 3828 1048 3912 maximeque
1065 3824 1216 3919 Aeschin.

208 3926 250 3994 ll.
285 3928 334 3992 31.
373 3931 430 3993 καὶ
469 3921 607 3994 πάντων
644 3921 691 3995 ὦν
727 3930 852 4016 ε’ίποιμι
886 3923 1107 4015 μάρτυρας
1143 3920 1217 4004 τὰς

210 4032 380 4096 ἐκείνων
409 4024 641 4106 ἐπιστολὰς
671 4029 877 4119 παρειχόμην
907 4035 978 4098 καὶ
1010 4026 1059 4096 τοί
1082 4034 1216 4118 ψηφί-

213 4154 352 4216 σματα
367 4133 429 4198 τοῦ
441 4129 547 4217 δήμου
563 4135 636 4199 καὶ
652 4129 726 4210 τὰς
739 4138 1046 4210 Καλλισθένους
1062 4127 1218 4220 ἀνοχάς,

108 4278 111 4285 -
212 4259 273 4322 quo
311 4236 440 4323 quidem
477 4237 547 4304 loeo
577 4240 712 4304 oratoris
743 4238 881 4305 audaoia
911 4262 977 4306 non
1006 4238 1124 4305 lenitur
1157 4238 1219 4324 syl·
