2700 4658
573 272 786 349 -50-

219 458 255 543 d)
277 481 350 522 uum
372 461 416 532 εὶς
431 466 464 521 et
485 457 670 521 accusetiuo
691 455 752 519 rei:
774 453 982 522 XVIH.158
1002 456 1048 528 τίς
1070 446 1134 529 τοὶς
1150 446 1229 540 Ἀμ-

133 556 351 651 φικτυονικυὶς
366 556 581 648 [προφάσεις]
597 550 807 645 καταφεύγει,
822 555 967 622 XVIIII.
981 557 1022 621 41
1039 560 1085 632 τίς
1100 553 1231 632 ταύτας

135 660 196 741 τὰς
224 657 410 751 προφάσεις
432 654 660 750 καταφεύγων,
688 661 829 746 [XXV]
852 661 895 725 76
917 665 961 735 είς
983 651 1047 738 τὴν
1068 659 1132 724 τοῦ
1152 661 1231 744 βίου

131 767 335 855 μετριότητα
370 768 426 831 καί
463 762 685 853 σωφροσύνην
716 768 923 850 κατέφυγον,
952 763 996 830 ib.
1025 765 1067 829 λλ
1094 769 1140 840 είς
1169 757 1230 830 τὸν

132 871 252 936 ἑαυτοῦ
272 871 352 955 βίον
372 866 625 954 καταφεύξεται,
648 866 860 953 [XXVIIII]
876 867 918 932 27
940 862 1165 958 καταφεύγειν
1186 871 1229 943 είς

132 968 211 1047 τούς
228 976 406 1058 μεγίστους
441 974 598 1058 ἐλέγχους,
631 971 743 1039 ΧΧΧ.
777 971 820 1034 36
856 975 900 1044 είς
935 970 1037 1034 τοῦτο
1071 967 1229 1055 τάκριβὲς

131 1085 351 1163 καταφυγεῖν,
381 1075 507 1140 XXXI.
535 1077 575 1141 13
606 1081 650 1151 είς
672 1070 756 1140 ἄλλο
779 1075 912 1138 δίκαιον
930 1073 1035 1155 μηδὲν
1059 1069 1226 1159 καταφεύ-

130 1201 215 1262 γειν,
238 1178 482 1265 [XXXXVII]
505 1179 545 1244 31
573 1184 622 1255 είςΙ
639 1181 741 1264 ὅρκον
762 1171 977 1263 καταφυγών.
1006 1173 1051 1243 ib.
1072 1177 1115 1240 47
1138 1181 1184 1251 εὶς
1205 1177 1230 1240 δ

131 1287 293 1370 κατέφυγε
314 1278 393 1347 τότε
414 1283 537 1347 δίκαια.

216 1385 324 1470 uides·
337 1386 437 1470 igitur
463 1388 686 1477 καταφεύγειν
712 1409 733 1450 ε
754 1382 974 1449 Demosthene
1002 1403 1077 1447 eum
1109 1385 1167 1447 ἐπί
1195 1391 1226 1447 et

132 1491 317 1556 aoeuoatiuo
338 1492 385 1554 rei
407 1492 615 1555 coniunctum
636 1513 701 1556 non
723 1510 805 1570 esse,
829 1509 1025 1574 quamquam
1047 1485 1130 1550 heeo
1152 1508 1225 1551 oon·

132 1592 267 1656 structio
298 1592 386 1679 apud
408 1592 553 1660 Graecos
584 1597 757 1683 scriptores
778 1592 946 1680 reperitur.
975 1590 1016 1655 εἰ
1041 1588 1165 1655 Hero&
1187 1589 1224 1656 V.

130 1696 174 1759 46
203 1689 445 1784 καταφυγόντα
474 1701 529 1762 ἐπὶ
550 1693 629 1775 Διὸς
650 1696 813 1784 ἀγοραίου
833 1690 967 1779 βωμόν,
994 1691 1077 1758 Plau
1101 1692 1222 1779 CratyI

130 1819 204 1885 pag.
226 1799 291 1863 425
312 1799 354 1866 D.
375 1803 429 1865 ἐπὶ
451 1796 513 1876 τὰς
534 1794 687 1887 μηχανὰς
708 1790 989 1886 καταφεύγουσιν,
1018 1797 1101 1862 Ιεεε.
1124 1799 1168 1863 X.
1183 1799 1221 1862 23

130 1902 184 1966 ἐπὶ
212 1907 334 1968 τοῦτον
355 1899 416 1968 τὸν
443 1897 545 1987 λόγον
566 1898 767 1991 καταφεύγῃ.
818 1902 897 1988 quin
918 1899 1100 1965 Aeschines
1122 1925 1220 1967 κατα-

129 2001 261 2094 φεύγειν
282 2029 354 2070 oum
377 2010 433 2072 ἐπί
454 2017 486 2071 et
507 2007 693 2072 aecusatiuo
714 2007 763 2069 rei
783 2005 980 2089 coniungere
1001 2003 1099 2070 solet:
1120 2012 1145 2071 I.
1163 2007 1218 2070 141

129 2103 351 2193 καταφεύγειν
381 2111 434 2173 ἐπὶ
464 2105 542 2186 τούς
572 2115 758 2194 εἰρημένους
786 2102 922 2192 λόγους,
950 2107 1009 2172 III
1039 2108 1101 2173 221
1139 2109 1222 2174 ὅταν

129 2205 341 2299 καταφεύγῃς
370 2215 424 2277 ἐπὶ
454 2206 532 2289 τούς
561 2206 736 2286 τοιούτους
764 2212 900 2295 λόγους,
927 2209 970 2276 ib.
993 2212 1057 2276 229
1080 2213 1136 2276 ἐπὶ
1163 2204 1222 2291 τὴν

128 2306 310 2390 ἁπλότητα
331 2315 387 2377 καὶ
409 2309 454 2379 ταί
475 2321 556 2401 ἔργα
577 2311 780 2404 καταφεύγῃ,
800 2314 844 2379 ib.
861 2313 924 2378 248
947 2317 996 2378 ἐπ’
1018 2308 1108 2380 mito}
1123 2339 1221 2380 κατα·

127 2415 315 2500 φεύγοντες.

214 2523 251 2581 ἐν
270 2528 347 2594 ταῖς
367 2523 597 2602 μεταλλικαῖςτ
620 2523 729 2597 δίκαις
743 2524 898 2589 omissum
913 2534 972 2593 eu.
1013 2545 1110 2611 quem
1124 2545 1223 2590 unum

130 2619 244 2683 afferre
264 2642 398 2705 possum
421 2625 525 2688 locum
548 2625 685 2690 similem
706 2648 749 2690 ex
770 2648 815 2694 or.
838 2626 1016 2692 XXXVII
1030 2627 1072 2692 37
1087 2629 1224 2714 petitum

125 2717 232 2805 (ὅστις
255 2716 299 2789 ἂν
311 2727 476 2808 μέταλλον
490 2731 637 2812 πρίηται,
654 2723 732 2805 τούς
747 2723 878 2805 κοινούς
893 2723 1075 2816 παρελθών
1088 2732 1225 2816 νόμους,

126 2829 211 2890 καθ’
232 2821 290 2902 οὓς
311 2830 366 2892 καί
389 2830 521 2896 διδόναι
544 2836 599 2897 καὶ
622 2833 809 2916 λαμβάνειν
834 2832 920 2899 πᾶσι
942 2835 1097 2921 προσήκει
1120 2836 1223 2917 δίκας,

127 2934 163 2993 ἐν
186 2940 260 3005 ταῖς
280 2933 496 3013 μεταλλικαῖς
517 2928 689 2999 δικάσεται
696 2936 735 3022 3),
761 2937 815 3001 hic
836 2961 901 3003 non
923 2958 1055 3024 prorsus
1076 2939 1223 3024 aequalis

127 3039 195 3094 est:
217 3054 294 3096 nam
316 3031 469 3100 hocloco
491 3037 600 3111 δίκαις
620 3048 695 3122 post
716 3042 931 3122 μεταλλικαῖς
952 3043 1105 3108 omissum
1120 3043 1222 3108 multo

126 3136 232 3198 minus
255 3137 437 3220 requiritur,
460 3140 536 3223 quie
550 3139 685 3205 uerbum
701 3143 723 3206 δ
729 3136 895 3210 ικιίσεται
908 3147 1054 3233 proxime
1068 3149 1221 3232 sequitur.

211 3239 237 3323 ᾖ
261 3241 290 3304 3.
333 3234 418 3323 μετὰ
440 3238 563 3306 τούτου
582 3267 643 3328 μοι
664 3244 958 3331 ἐπιβεβουλευκύςε
981 3258 1091 3315 orator
1105 3251 1220 3317 aduer-

126 3343 264 3422 sum'um‚
293 3364 489 3428 quamquam
516 3346 656 3430 primum
677 3349 747 3413 eius
768 3353 964 3419 mentionem
985 3353 1079 3437 feeit,
1103 3360 1221 3421 ⁴tumen

126 3447 315 3529 pronomine
338 3445 590 3514 demonstretiuo
613 3451 782 3534 signifieat.
827 3477 911 3542 quoe
931 3458 1025 3540 ratio,
1045 3466 1083 3522 ut
1103 3479 1165 3545 per
1187 3481 1221 3524 oe

125 3546 232 3611 minus
253 3557 341 3612 recte
362 3559 421 3632 est,
444 3552 491 3616 sie
514 3575 534 3617 ε
553 3552 782 3621 Demosthenis
804 3561 1036 3627 consuetudine
1057 3559 1221 3644 abhorret,

125 3650 181 3735 qui
203 3651 332 3736 quidem
355 3664 473 3737 orator,
495 3678 570 3720 oum
585 3656 724 3742 primum
739 3659 964 3730 aduersarium
978 3664 1129 3752 appellat,
1151 3673 1220 3733 eius

124 3773 242 3818 nomen
263 3755 369 3840 ponit:
391 3756 515 3822 XVIII
538 3760 568 3839 3,
590 3760 733 3831 XVIIII.
748 3766 779 3847 2,
801 3766 877 3832 XX.
895 3772 923 3850 1,
945 3768 1038 3835 XXI.
1055 3771 1085 3851 1,
1107 3768 1219 3836 XXII.

126 3857 154 3934 1,
176 3855 339 3922 XXXIII
363 3861 391 3941 1,
418 3860 566 3928 XXIIII.
592 3865 619 3942 l,
641 3861 783 3932 XXVII.
808 3875 835 3952 1,
865 3871 1024 3939 XXVIII
1048 3875 1076 3954 1,
1106 3871 1218 3940 XXX

126 3960 155 4035 1,
185 3959 344 4024 XXXVI.
365 3963 397 4042 2,
419 3962 596 4030 XXXVII.
620 3971 648 4049 l,
678 3969 873 4043 XXXVIII.
898 3979 927 4059 1,
954 3975 1168 4046 XXXVIIII.
1191 3981 1218 4060 1,

124 4058 470 4143 xxxx1.1‚1.1111.
503 4071 532 4151 1,
554 4068 623 4136 LV.
657 4078 685 4156 1,
706 4075 812 4146 LVII.
840 4083 867 4144 l.
897 4081 985 4167 quod
1004 4080 1039 4144 in
1061 4084 1216 4150 orationis

123 4161 242 4228 XXXI
271 4167 430 4253 principio
463 4171 670 4240 aduersarius
699 4181 888 4263 pronomine
918 4172 1016 4259 οὗτος
1042 4185 1216 4271 inducitur,

123 4285 187 4328 non
210 4267 287 4331 dioit
301 4279 425 4335 contra:
448 4295 524 4339 nam
539 4275 621 4342 heeo
635 4282 739 4347 oratio
754 4283 976 4373 deuterologia
990 4297 1048 4372 eet,
1070 4297 1107 4355 ut
1122 4292 1216 4378 quasi
