<?xml version="1.0" encoding="UTF-8"?>
<!DOCTYPE html PUBLIC "-//W3C//DTD XHTML 1.0 Transitional//EN"
    "http://www.w3.org/TR/xhtml1/DTD/xhtml1-transitional.dtd">
<html xmlns="http://www.w3.org/1999/xhtml" xml:lang="en" lang="en">
 <head>
  <title>
</title>
<meta http-equiv="Content-Type" content="text/html;charset=utf-8" />
  <meta name='ocr-system' content='tesseract 3.04.00' />
  <meta name='ocr-capabilities' content='ocr_page ocr_carea ocr_par ocr_line ocrx_word'/>
</head>
<body>
  <div class='ocr_page' id='page_1' title='image "./prolegomenonind00schugoog_0115.png"; bbox 0 0 2700 4658; ppageno 0'>
   <div class='ocr_carea' id='block_1_1' title="bbox 658 260 865 335">
    <p class='ocr_par' dir='ltr' id='par_1_1' title="bbox 658 260 865 335">
     <span class='ocr_line' id='line_1_1' title="bbox 658 260 865 335; baseline 0.019 -19"><span class='ocrx_word' id='word_1_1' title='bbox 658 260 865 335; x_wconf 63' lang='lat'><strong>..78-</strong></span> 
     </span>
    </p>
   </div>
   <div class='ocr_carea' id='block_1_2' title="bbox 206 432 1315 3922">
    <p class='ocr_par' dir='ltr' id='par_1_2' title="bbox 212 432 1315 1451">
     <span class='ocr_line' id='line_1_2' title="bbox 217 432 1315 526; baseline -0.003 -20"><span class='ocrx_word' id='word_1_2' title='bbox 217 476 256 493; x_wconf 63' lang='grc'><strong>»-</strong></span> <span class='ocrx_word' id='word_1_3' title='bbox 278 432 354 526; x_wconf 85' lang='grc' dir='ltr'><em>οόχὶ</em></span> <span class='ocrx_word' id='word_1_4' title='bbox 377 480 414 490; x_wconf 87' lang='grc'><em>-</em></span> <span class='ocrx_word' id='word_1_5' title='bbox 440 435 499 506; x_wconf 83' lang='grc' dir='ltr'><strong>οὐκ</strong></span> <span class='ocrx_word' id='word_1_6' title='bbox 521 478 563 490; x_wconf 93' lang='lat'><em>-</em></span> <span class='ocrx_word' id='word_1_7' title='bbox 586 434 647 504; x_wconf 84' lang='grc' dir='ltr'><strong>οὐκ</strong></span> <span class='ocrx_word' id='word_1_8' title='bbox 669 479 711 489; x_wconf 90' lang='lat'><strong>-—</strong></span> <span class='ocrx_word' id='word_1_9' title='bbox 733 437 793 506; x_wconf 83' lang='grc' dir='ltr'><strong>οὐκ</strong></span> <span class='ocrx_word' id='word_1_10' title='bbox 815 477 855 488; x_wconf 24' lang='lat'><strong>¹—</strong></span> <span class='ocrx_word' id='word_1_11' title='bbox 887 433 956 520; x_wconf 75' lang='grc' dir='ltr'><em>οὐκ,</em></span> <span class='ocrx_word' id='word_1_12' title='bbox 982 436 1161 504; x_wconf 89' lang='lat' dir='ltr'>XXXVII.</span> <span class='ocrx_word' id='word_1_13' title='bbox 1187 438 1228 503; x_wconf 87' lang='grc'><strong>14</strong></span> <span class='ocrx_word' id='word_1_14' title='bbox 1252 436 1315 503; x_wconf 55' lang='grc' dir='ltr'><strong>ἱκέι</strong></span> 
     </span>
     <span class='ocr_line' id='line_1_3' title="bbox 217 537 1313 628; baseline -0.002 -20"><span class='ocrx_word' id='word_1_15' title='bbox 217 567 319 626; x_wconf 85' lang='grc' dir='ltr'><em>τενεν,</em></span> <span class='ocrx_word' id='word_1_16' title='bbox 350 545 465 624; x_wconf 76' lang='grc' dir='ltr'><em>ἐδεῖτο,</em></span> <span class='ocrx_word' id='word_1_17' title='bbox 496 538 681 626; x_wconf 75' lang='grc' dir='ltr'><em>ἠντιβόλει,</em></span> <span class='ocrx_word' id='word_1_18' title='bbox 706 545 748 610; x_wconf 78' lang='grc'><strong>52</strong></span> <span class='ocrx_word' id='word_1_19' title='bbox 778 541 1072 628; x_wconf 85' lang='grc' dir='ltr'><em>συκοφαντοῦντος</em></span> <span class='ocrx_word' id='word_1_20' title='bbox 1094 538 1156 607; x_wconf 73' lang='lat' dir='ltr'><strong>oba</strong></span> <span class='ocrx_word' id='word_1_21' title='bbox 1177 537 1313 606; x_wconf 80' lang='grc' dir='ltr'><em>ἀδικου-</em></span> 
     </span>
     <span class='ocr_line' id='line_1_4' title="bbox 213 637 1315 733; baseline -0.005 -20"><span class='ocrx_word' id='word_1_22' title='bbox 213 653 332 733; x_wconf 80' lang='grc' dir='ltr'><em>μένου,</em></span> <span class='ocrx_word' id='word_1_23' title='bbox 360 645 573 711; x_wconf 78' lang='lat' dir='ltr'>XXXVIIII.</span> <span class='ocrx_word' id='word_1_24' title='bbox 603 646 625 710; x_wconf 88' lang='grc'>4</span> <span class='ocrx_word' id='word_1_25' title='bbox 656 639 842 730; x_wconf 79' lang='grc' dir='ltr'><em>εἰσήγαγεν,</em></span> <span class='ocrx_word' id='word_1_26' title='bbox 866 637 1055 729; x_wconf 77' lang='grc' dir='ltr'><em>ἐποιήσατο,</em></span> <span class='ocrx_word' id='word_1_27' title='bbox 1079 641 1246 733; x_wconf 79' lang='grc' dir='ltr'><em>ἐγγρόφει,</em></span> <span class='ocrx_word' id='word_1_28' title='bbox 1272 645 1315 708; x_wconf 88' lang='grc'><strong>14</strong></span> 
     </span>
     <span class='ocr_line' id='line_1_5' title="bbox 214 741 1313 837; baseline -0.005 -21"><span class='ocrx_word' id='word_1_29' title='bbox 214 751 354 837; x_wconf 83' lang='grc' dir='ltr'><em>γραφαὶ,</em></span> <span class='ocrx_word' id='word_1_30' title='bbox 384 745 512 834; x_wconf 76' lang='grc' dir='ltr'><em>φάσεις,</em></span> <span class='ocrx_word' id='word_1_31' title='bbox 543 748 698 827; x_wconf 79' lang='grc' dir='ltr'><em>ἐνδείξεις,</em></span> <span class='ocrx_word' id='word_1_32' title='bbox 728 743 916 832; x_wconf 85' lang='grc' dir='ltr'><em>όιτιαγωγαί,</em></span> <span class='ocrx_word' id='word_1_33' title='bbox 948 747 991 812; x_wconf 83' lang='grc'><strong>34</strong></span> <span class='ocrx_word' id='word_1_34' title='bbox 1021 741 1235 835; x_wconf 74' lang='grc' dir='ltr'><em>ἐπιβουλεύῃς</em></span> <span class='ocrx_word' id='word_1_35' title='bbox 1266 749 1313 812; x_wconf 80' lang='grc' dir='ltr'><em>δι-</em></span> 
     </span>
     <span class='ocr_line' id='line_1_6' title="bbox 213 840 1310 942; baseline -0.003 -24"><span class='ocrx_word' id='word_1_36' title='bbox 213 852 297 942; x_wconf 75' lang='grc' dir='ltr'><em>κάζῃ</em></span> <span class='ocrx_word' id='word_1_37' title='bbox 318 852 454 942; x_wconf 76' lang='grc' dir='ltr'><em>φθονῇς</em></span> <span class='ocrx_word' id='word_1_38' title='bbox 476 850 694 941; x_wconf 80' lang='grc' dir='ltr'><em>βλασφημῇς,</em></span> <span class='ocrx_word' id='word_1_39' title='bbox 715 850 865 919; x_wconf 69' lang='lat' dir='ltr'>LIIIN</span> <span class='ocrx_word' id='word_1_40' title='bbox 893 840 1014 914; x_wconf 81' lang='grc' dir='ltr'><em>Κόνων</em></span> <span class='ocrx_word' id='word_1_41' title='bbox 1044 847 1168 932; x_wconf 84' lang='grc' dir='ltr'><em>οὑτοσὶ,</em></span> <span class='ocrx_word' id='word_1_42' title='bbox 1196 850 1310 915; x_wconf 81' lang='grc' dir='ltr'><em>Θεότι-</em></span> 
     </span>
     <span class='ocr_line' id='line_1_7' title="bbox 213 942 1311 1038; baseline -0.004 -17"><span class='ocrx_word' id='word_1_43' title='bbox 213 948 276 1038; x_wconf 89' lang='grc' dir='ltr'><strong>μός</strong></span> <span class='ocrx_word' id='word_1_44' title='bbox 298 978 347 1033; x_wconf 88' lang='grc' dir='ltr'><em>τις</em></span> <span class='ocrx_word' id='word_1_45' title='bbox 371 956 451 1033; x_wconf 81' lang='grc' dir='ltr'><em>κτλ,</em></span> <span class='ocrx_word' id='word_1_46' title='bbox 473 955 516 1018; x_wconf 80' lang='grc'><strong>30</strong></span> <span class='ocrx_word' id='word_1_47' title='bbox 536 946 598 1033; x_wconf 76' lang='grc' dir='ltr'><strong>τήν</strong></span> <span class='ocrx_word' id='word_1_48' title='bbox 620 949 719 1037; x_wconf 76' lang='grc' dir='ltr'><em>ὥραν,</em></span> <span class='ocrx_word' id='word_1_49' title='bbox 741 942 787 1018; x_wconf 82' lang='grc' dir='ltr'><strong>ὧν</strong></span> <span class='ocrx_word' id='word_1_50' title='bbox 809 957 912 1032; x_wconf 73' lang='grc' dir='ltr'><em>ἕνεκα,</em></span> <span class='ocrx_word' id='word_1_51' title='bbox 933 945 1012 1028; x_wconf 86' lang='grc' dir='ltr'><em>τοός</em></span> <span class='ocrx_word' id='word_1_52' title='bbox 1031 946 1179 1038; x_wconf 85' lang='grc' dir='ltr'><em>χρόνους,</em></span> <span class='ocrx_word' id='word_1_53' title='bbox 1204 953 1311 1021; x_wconf 89' lang='lat' dir='ltr'>LVII.</span> 
     </span>
     <span class='ocr_line' id='line_1_8' title="bbox 213 1051 1310 1145; baseline -0.003 -22"><span class='ocrx_word' id='word_1_54' title='bbox 213 1059 255 1122; x_wconf 78' lang='lat'><strong>24</strong></span> <span class='ocrx_word' id='word_1_55' title='bbox 278 1059 454 1145; x_wconf 78' lang='grc' dir='ltr'><em>φράτορσι,</em></span> <span class='ocrx_word' id='word_1_56' title='bbox 477 1062 653 1142; x_wconf 75' lang='grc' dir='ltr'><em>συγγενέσι,</em></span> <span class='ocrx_word' id='word_1_57' title='bbox 676 1051 844 1140; x_wconf 83' lang='grc' dir='ltr'><em>δημόταις,</em></span> <span class='ocrx_word' id='word_1_58' title='bbox 867 1055 1048 1140; x_wconf 84' lang='grc' dir='ltr'><em>γεννήταις,</em></span> <span class='ocrx_word' id='word_1_59' title='bbox 1070 1056 1111 1119; x_wconf 79' lang='grc'><strong>29</strong></span> <span class='ocrx_word' id='word_1_60' title='bbox 1134 1052 1195 1121; x_wconf 84' lang='grc' dir='ltr'><strong>οὐκ</strong></span> <span class='ocrx_word' id='word_1_61' title='bbox 1217 1055 1310 1122; x_wconf 74' lang='lat' dir='ltr'><strong>cinet-</strong></span> 
     </span>
     <span class='ocr_line' id='line_1_9' title="bbox 212 1151 1311 1244; baseline -0.005 -17"><span class='ocrx_word' id='word_1_62' title='bbox 212 1184 283 1244; x_wconf 85' lang='grc' dir='ltr'><em>ιτεν,</em></span> <span class='ocrx_word' id='word_1_63' title='bbox 306 1158 366 1226; x_wconf 85' lang='grc' dir='ltr'><strong>οὐκ</strong></span> <span class='ocrx_word' id='word_1_64' title='bbox 389 1155 555 1238; x_wconf 76' lang='grc' dir='ltr'><em>ἐκώλυσεν,</em></span> <span class='ocrx_word' id='word_1_65' title='bbox 576 1153 617 1223; x_wconf 86' lang='grc' dir='ltr'><strong>οὐ</strong></span> <span class='ocrx_word' id='word_1_66' title='bbox 640 1159 735 1236; x_wconf 81' lang='grc' dir='ltr'><em>δίκην</em></span> <span class='ocrx_word' id='word_1_67' title='bbox 758 1161 881 1243; x_wconf 75' lang='grc' dir='ltr'><em>ἔλαχεν,</em></span> <span class='ocrx_word' id='word_1_68' title='bbox 901 1157 944 1222; x_wconf 85' lang='lat'><strong>54</strong></span> <span class='ocrx_word' id='word_1_69' title='bbox 965 1151 1048 1243; x_wconf 73' lang='grc' dir='ltr'><em>ἦγον</em></span> <span class='ocrx_word' id='word_1_70' title='bbox 1070 1162 1113 1232; x_wconf 78' lang='grc' dir='ltr'><strong>εὶς</strong></span> <span class='ocrx_word' id='word_1_71' title='bbox 1130 1151 1207 1233; x_wconf 74' lang='grc' dir='ltr'><em>τοὺς</em></span> <span class='ocrx_word' id='word_1_72' title='bbox 1223 1151 1311 1244; x_wconf 84' lang='grc' dir='ltr'><em>φρό-</em></span> 
     </span>
     <span class='ocr_line' id='line_1_10' title="bbox 212 1247 1311 1349; baseline 0.001 -21"><span class='ocrx_word' id='word_1_73' title='bbox 212 1286 323 1349; x_wconf 85' lang='grc' dir='ltr'><em>τορας,</em></span> <span class='ocrx_word' id='word_1_74' title='bbox 354 1267 398 1338; x_wconf 81' lang='grc' dir='ltr'><strong>εἰς</strong></span> <span class='ocrx_word' id='word_1_75' title='bbox 415 1254 619 1336; x_wconf 86' lang='grc' dir='ltr'><em>Ἀνιόλλωνος</em></span> <span class='ocrx_word' id='word_1_76' title='bbox 642 1247 734 1345; x_wconf 75' lang='grc' dir='ltr'><em>ἦγον,</em></span> <span class='ocrx_word' id='word_1_77' title='bbox 762 1261 804 1326; x_wconf 82' lang='grc'><strong>56</strong></span> <span class='ocrx_word' id='word_1_78' title='bbox 826 1260 1090 1346; x_wconf 82' lang='grc' dir='ltr'><em>μαρτυροῦντας,</em></span> <span class='ocrx_word' id='word_1_79' title='bbox 1113 1256 1311 1346; x_wconf 83' lang='grc' dir='ltr'><em>ὀμνύοντας.</em></span> 
     </span>
     <span class='ocr_line' id='line_1_11' title="bbox 213 1363 1310 1451; baseline 0.004 -21"><span class='ocrx_word' id='word_1_80' title='bbox 213 1367 247 1430; x_wconf 90' lang='lat' dir='ltr'><strong>in</strong></span> <span class='ocrx_word' id='word_1_81' title='bbox 279 1367 424 1431; x_wconf 87' lang='lat' dir='ltr'><strong>oratione</strong></span> <span class='ocrx_word' id='word_1_82' title='bbox 446 1372 554 1429; x_wconf 86' lang='lat' dir='ltr'><strong>eutem</strong></span> <span class='ocrx_word' id='word_1_83' title='bbox 575 1363 731 1428; x_wconf 88' lang='lat' dir='ltr'>XXXIII</span> <span class='ocrx_word' id='word_1_84' title='bbox 755 1364 998 1429; x_wconf 80' lang='lat' dir='ltr'>dissolutionem</span> <span class='ocrx_word' id='word_1_85' title='bbox 1020 1365 1140 1429; x_wconf 88' lang='lat' dir='ltr'><strong>frustra</strong></span> <span class='ocrx_word' id='word_1_86' title='bbox 1162 1387 1310 1451; x_wconf 87' lang='lat' dir='ltr'><strong>quaeres.</strong></span> 
     </span>
    </p>

    <p class='ocr_par' dir='ltr' id='par_1_3' title="bbox 209 1465 1312 2378">
     <span class='ocr_line' id='line_1_12' title="bbox 296 1465 1309 1555; baseline 0 -22"><span class='ocrx_word' id='word_1_87' title='bbox 296 1468 377 1533; x_wconf 89' lang='lat' dir='ltr'><strong>haec</strong></span> <span class='ocrx_word' id='word_1_88' title='bbox 407 1489 513 1555; x_wconf 86' lang='lat' dir='ltr'><strong>pauca</strong></span> <span class='ocrx_word' id='word_1_89' title='bbox 544 1467 584 1531; x_wconf 90' lang='lat' dir='ltr'><strong>de</strong></span> <span class='ocrx_word' id='word_1_90' title='bbox 606 1476 724 1532; x_wconf 86' lang='lat' dir='ltr'><strong>ornatu</strong></span> <span class='ocrx_word' id='word_1_91' title='bbox 746 1467 900 1535; x_wconf 77' lang='lat' dir='ltr'><strong>oratIonis</strong></span> <span class='ocrx_word' id='word_1_92' title='bbox 924 1465 1079 1531; x_wconf 87' lang='lat' dir='ltr'><strong>aduersus</strong></span> <span class='ocrx_word' id='word_1_93' title='bbox 1112 1470 1309 1554; x_wconf 86' lang='lat' dir='ltr'><strong>Apaturium</strong></span> 
     </span>
     <span class='ocr_line' id='line_1_13' title="bbox 213 1569 1312 1656; baseline 0.001 -22"><span class='ocrx_word' id='word_1_94' title='bbox 213 1570 344 1636; x_wconf 88' lang='lat' dir='ltr'><strong>habitae</strong></span> <span class='ocrx_word' id='word_1_95' title='bbox 373 1571 590 1656; x_wconf 88' lang='lat' dir='ltr'><strong>disputauisse</strong></span> <span class='ocrx_word' id='word_1_96' title='bbox 622 1571 700 1634; x_wconf 85' lang='lat' dir='ltr'><strong>satis</strong></span> <span class='ocrx_word' id='word_1_97' title='bbox 730 1569 843 1638; x_wconf 88' lang='lat' dir='ltr'><strong>habeo.</strong></span> <span class='ocrx_word' id='word_1_98' title='bbox 901 1571 1048 1635; x_wconf 84' lang='lat' dir='ltr'><strong>existimo</strong></span> <span class='ocrx_word' id='word_1_99' title='bbox 1079 1592 1156 1634; x_wconf 93' lang='lat' dir='ltr'><strong>uero</strong></span> <span class='ocrx_word' id='word_1_100' title='bbox 1188 1569 1239 1635; x_wconf 95' lang='lat' dir='ltr'><strong>uel</strong></span> <span class='ocrx_word' id='word_1_101' title='bbox 1271 1594 1312 1636; x_wconf 87' lang='lat' dir='ltr'><strong>ea</strong></span> 
     </span>
     <span class='ocr_line' id='line_1_14' title="bbox 213 1673 1310 1758; baseline 0.001 -22"><span class='ocrx_word' id='word_1_102' title='bbox 213 1673 330 1739; x_wconf 85' lang='lat' dir='ltr'><strong>idonea</strong></span> <span class='ocrx_word' id='word_1_103' title='bbox 351 1694 440 1755; x_wconf 88' lang='lat' dir='ltr'><strong>esse,</strong></span> <span class='ocrx_word' id='word_1_104' title='bbox 473 1694 556 1758; x_wconf 90' lang='lat' dir='ltr'><strong>quae</strong></span> <span class='ocrx_word' id='word_1_105' title='bbox 578 1673 637 1738; x_wconf 89' lang='lat' dir='ltr'><strong>tibi</strong></span> <span class='ocrx_word' id='word_1_106' title='bbox 660 1673 896 1751; x_wconf 79' lang='lat' dir='ltr'><strong>demonstrent,</strong></span> <span class='ocrx_word' id='word_1_107' title='bbox 918 1683 1075 1758; x_wconf 89' lang='lat' dir='ltr'><strong>quantum</strong></span> <span class='ocrx_word' id='word_1_108' title='bbox 1096 1694 1200 1757; x_wconf 85' lang='lat' dir='ltr'><strong>genus</strong></span> <span class='ocrx_word' id='word_1_109' title='bbox 1222 1673 1310 1737; x_wconf 87' lang='lat' dir='ltr'><strong>illius</strong></span> 
     </span>
     <span class='ocr_line' id='line_1_15' title="bbox 213 1774 1310 1842; baseline 0 -1"><span class='ocrx_word' id='word_1_110' title='bbox 213 1777 367 1841; x_wconf 86' lang='lat' dir='ltr'><strong>orationis</strong></span> <span class='ocrx_word' id='word_1_111' title='bbox 396 1797 416 1840; x_wconf 87' lang='lat' dir='ltr'><strong>a</strong></span> <span class='ocrx_word' id='word_1_112' title='bbox 438 1774 657 1841; x_wconf 85' lang='lat' dir='ltr'><strong>Demosthene</strong></span> <span class='ocrx_word' id='word_1_113' title='bbox 683 1797 807 1840; x_wconf 87' lang='lat' dir='ltr'><strong>summo</strong></span> <span class='ocrx_word' id='word_1_114' title='bbox 831 1774 1030 1840; x_wconf 81' lang='lat' dir='ltr'><strong>Graecorum</strong></span> <span class='ocrx_word' id='word_1_115' title='bbox 1053 1785 1179 1841; x_wconf 89' lang='lat' dir='ltr'><strong>oratore</strong></span> <span class='ocrx_word' id='word_1_116' title='bbox 1203 1777 1310 1842; x_wconf 84' lang='lat' dir='ltr'><strong>distet</strong></span> 
     </span>
     <span class='ocr_line' id='line_1_16' title="bbox 212 1877 1310 1965; baseline 0 -21"><span class='ocrx_word' id='word_1_117' title='bbox 212 1901 252 1944; x_wconf 85' lang='lat' dir='ltr'><strong>ac</strong></span> <span class='ocrx_word' id='word_1_118' title='bbox 272 1901 314 1944; x_wconf 92' lang='lat' dir='ltr'><strong>ne</strong></span> <span class='ocrx_word' id='word_1_119' title='bbox 338 1878 433 1964; x_wconf 88' lang='lat' dir='ltr'><strong>plura</strong></span> <span class='ocrx_word' id='word_1_120' title='bbox 447 1880 602 1965; x_wconf 78' lang='lat' dir='ltr'>requiras,</span> <span class='ocrx_word' id='word_1_121' title='bbox 625 1880 694 1943; x_wconf 88' lang='lat' dir='ltr'><strong>eius</strong></span> <span class='ocrx_word' id='word_1_122' title='bbox 710 1878 798 1943; x_wconf 90' lang='lat' dir='ltr'><strong>modi</strong></span> <span class='ocrx_word' id='word_1_123' title='bbox 812 1879 845 1941; x_wconf 93' lang='lat' dir='ltr'><strong>in</strong></span> <span class='ocrx_word' id='word_1_124' title='bbox 860 1877 1102 1963; x_wconf 82' lang='lat' dir='ltr'><strong>quaestionibus</strong></span> <span class='ocrx_word' id='word_1_125' title='bbox 1117 1901 1183 1944; x_wconf 90' lang='lat' dir='ltr'><strong>non</strong></span> <span class='ocrx_word' id='word_1_126' title='bbox 1199 1883 1310 1945; x_wconf 89' lang='lat' dir='ltr'><strong>omnia</strong></span> 
     </span>
     <span class='ocr_line' id='line_1_17' title="bbox 210 1980 1310 2069; baseline 0 -23"><span class='ocrx_word' id='word_1_127' title='bbox 210 1983 338 2066; x_wconf 86' lang='lat' dir='ltr'><strong>legibus</strong></span> <span class='ocrx_word' id='word_1_128' title='bbox 368 1981 587 2047; x_wconf 77' lang='lat' dir='ltr'><strong>circumscribi</strong></span> <span class='ocrx_word' id='word_1_129' title='bbox 617 1989 769 2069; x_wconf 82' lang='lat' dir='ltr'><strong>possunt,</strong></span> <span class='ocrx_word' id='word_1_130' title='bbox 793 1980 855 2046; x_wconf 88' lang='lat' dir='ltr'><strong>sed</strong></span> <span class='ocrx_word' id='word_1_131' title='bbox 876 1980 1092 2046; x_wconf 75' lang='lat' dir='ltr'><strong>consulendae</strong></span> <span class='ocrx_word' id='word_1_132' title='bbox 1115 1991 1190 2046; x_wconf 83' lang='lat' dir='ltr'><strong>sunt</strong></span> <span class='ocrx_word' id='word_1_133' title='bbox 1212 2004 1310 2046; x_wconf 89' lang='lat' dir='ltr'><strong>aures</strong></span> 
     </span>
     <span class='ocr_line' id='line_1_18' title="bbox 212 2082 1310 2152; baseline -0.002 -2"><span class='ocrx_word' id='word_1_134' title='bbox 212 2084 441 2152; x_wconf 77' lang='lat' dir='ltr'><strong>Demosthenis</strong></span> <span class='ocrx_word' id='word_1_135' title='bbox 472 2083 670 2150; x_wconf 84' lang='lat' dir='ltr'><strong>orationibus</strong></span> <span class='ocrx_word' id='word_1_136' title='bbox 699 2082 881 2149; x_wconf 75' lang='lat' dir='ltr'><strong>lectitandis</strong></span> <span class='ocrx_word' id='word_1_137' title='bbox 909 2087 1106 2150; x_wconf 78' lang='lat' dir='ltr'><strong>exercitatae</strong></span> <span class='ocrx_word' id='word_1_138' title='bbox 1128 2094 1160 2150; x_wconf 90' lang='lat' dir='ltr'><strong>et</strong></span> <span class='ocrx_word' id='word_1_139' title='bbox 1182 2085 1310 2150; x_wconf 86' lang='lat' dir='ltr'><strong>intelle-</strong></span> 
     </span>
     <span class='ocr_line' id='line_1_19' title="bbox 210 2185 1309 2275; baseline 0.001 -23"><span class='ocrx_word' id='word_1_140' title='bbox 210 2211 290 2273; x_wconf 84' lang='lat' dir='ltr'><strong>gens</strong></span> <span class='ocrx_word' id='word_1_141' title='bbox 305 2188 460 2253; x_wconf 91' lang='lat' dir='ltr'><strong>iudicium</strong></span> <span class='ocrx_word' id='word_1_142' title='bbox 481 2195 530 2252; x_wconf 87' lang='lat' dir='ltr'><strong>est</strong></span> <span class='ocrx_word' id='word_1_143' title='bbox 551 2185 780 2255; x_wconf 89' lang='lat' dir='ltr'><strong>adhibendum.</strong></span> <span class='ocrx_word' id='word_1_144' title='bbox 810 2186 894 2252; x_wconf 89' lang='lat' dir='ltr'><strong>hanc</strong></span> <span class='ocrx_word' id='word_1_145' title='bbox 909 2209 1035 2274; x_wconf 90' lang='lat' dir='ltr'><strong>quoque</strong></span> <span class='ocrx_word' id='word_1_146' title='bbox 1050 2189 1084 2252; x_wconf 90' lang='lat' dir='ltr'><strong>in</strong></span> <span class='ocrx_word' id='word_1_147' title='bbox 1100 2199 1225 2275; x_wconf 85' lang='lat' dir='ltr'><strong>partem</strong></span> <span class='ocrx_word' id='word_1_148' title='bbox 1241 2212 1309 2253; x_wconf 91' lang='lat' dir='ltr'><strong>non</strong></span> 
     </span>
     <span class='ocr_line' id='line_1_20' title="bbox 209 2288 1235 2378; baseline 0.001 -23"><span class='ocrx_word' id='word_1_149' title='bbox 209 2292 376 2356; x_wconf 91' lang='lat' dir='ltr'><strong>minimum</strong></span> <span class='ocrx_word' id='word_1_150' title='bbox 398 2290 506 2355; x_wconf 86' lang='lat' dir='ltr'><strong>ualere</strong></span> <span class='ocrx_word' id='word_1_151' title='bbox 529 2288 607 2353; x_wconf 90' lang='lat' dir='ltr'><strong>mihi</strong></span> <span class='ocrx_word' id='word_1_152' title='bbox 630 2290 757 2354; x_wconf 88' lang='lat' dir='ltr'><strong>uidetur</strong></span> <span class='ocrx_word' id='word_1_153' title='bbox 780 2289 898 2355; x_wconf 79' lang='lat' dir='ltr'><strong>Goethi</strong></span> <span class='ocrx_word' id='word_1_154' title='bbox 918 2293 1073 2357; x_wconf 85' lang='lat' dir='ltr'><strong>nostratis</strong></span> <span class='ocrx_word' id='word_1_155' title='bbox 1097 2292 1177 2356; x_wconf 90' lang='lat' dir='ltr'><strong>illud</strong></span> <span class='ocrx_word' id='word_1_156' title='bbox 1191 2293 1235 2378; x_wconf 88' lang='lat'><strong>¹):</strong></span> 
     </span>
    </p>

    <p class='ocr_par' dir='ltr' id='par_1_4' title="bbox 441 2393 1079 2480">
     <span class='ocr_line' id='line_1_21' title="bbox 441 2393 1079 2480; baseline -0.003 -22"><span class='ocrx_word' id='word_1_157' title='bbox 441 2394 484 2473; x_wconf 89' lang='lat' dir='ltr'><strong>,ni</strong></span> <span class='ocrx_word' id='word_1_158' title='bbox 507 2393 663 2473; x_wconf 86' lang='lat' dir='ltr'><strong>sentiatis,</strong></span> <span class='ocrx_word' id='word_1_159' title='bbox 684 2415 750 2458; x_wconf 92' lang='lat' dir='ltr'><strong>non</strong></span> <span class='ocrx_word' id='word_1_160' title='bbox 772 2395 906 2478; x_wconf 87' lang='lat' dir='ltr'><strong>potestis</strong></span> <span class='ocrx_word' id='word_1_161' title='bbox 930 2397 1079 2480; x_wconf 84' lang='lat' dir='ltr'><strong>assequi‘.</strong></span> 
     </span>
    </p>

    <p class='ocr_par' dir='ltr' id='par_1_5' title="bbox 295 2495 1309 2583">
     <span class='ocr_line' id='line_1_22' title="bbox 295 2495 1309 2583; baseline 0.002 -21"><span class='ocrx_word' id='word_1_162' title='bbox 295 2498 404 2583; x_wconf 89' lang='lat' dir='ltr'><strong>Atque</strong></span> <span class='ocrx_word' id='word_1_163' title='bbox 434 2497 586 2582; x_wconf 84' lang='lat' dir='ltr'><strong>quoniam</strong></span> <span class='ocrx_word' id='word_1_164' title='bbox 617 2505 649 2560; x_wconf 90' lang='lat' dir='ltr'><strong>et</strong></span> <span class='ocrx_word' id='word_1_165' title='bbox 681 2496 721 2560; x_wconf 94' lang='lat' dir='ltr'><strong>de</strong></span> <span class='ocrx_word' id='word_1_166' title='bbox 752 2495 887 2580; x_wconf 82' lang='lat' dir='ltr'><strong>singulis</strong></span> <span class='ocrx_word' id='word_1_167' title='bbox 915 2496 1023 2562; x_wconf 87' lang='lat' dir='ltr'><strong>uerbis</strong></span> <span class='ocrx_word' id='word_1_168' title='bbox 1054 2506 1086 2563; x_wconf 92' lang='lat' dir='ltr'><strong>et</strong></span> <span class='ocrx_word' id='word_1_169' title='bbox 1115 2497 1156 2563; x_wconf 89' lang='lat' dir='ltr'><strong>de</strong></span> <span class='ocrx_word' id='word_1_170' title='bbox 1188 2507 1309 2564; x_wconf 89' lang='lat' dir='ltr'><strong>ornatu</strong></span> 
     </span>
    </p>

    <p class='ocr_par' dir='ltr' id='par_1_6' title="bbox 211 2597 1212 2783">
     <span class='ocr_line' id='line_1_23' title="bbox 211 2597 1212 2686; baseline -0.001 -21"><span class='ocrx_word' id='word_1_171' title='bbox 211 2601 365 2666; x_wconf 87' lang='lat' dir='ltr'><strong>orationis</strong></span> <span class='ocrx_word' id='word_1_172' title='bbox 388 2600 606 2686; x_wconf 85' lang='lat' dir='ltr'><strong>exposuimus,</strong></span> <span class='ocrx_word' id='word_1_173' title='bbox 628 2597 785 2685; x_wconf 91' lang='lat' dir='ltr'><strong>reliquum</strong></span> <span class='ocrx_word' id='word_1_174' title='bbox 809 2609 857 2664; x_wconf 89' lang='lat' dir='ltr'><strong>est</strong></span> <span class='ocrx_word' id='word_1_175' title='bbox 879 2609 927 2665; x_wconf 87' lang='lat' dir='ltr'><strong>ut</strong></span> <span class='ocrx_word' id='word_1_176' title='bbox 1197 2618 1212 2649; x_wconf 73' lang='lat'><em>⁶</em></span> 
     </span>
     <span class='ocr_line' id='line_1_24' title="bbox 532 2699 1061 2783; baseline 0.004 -17"><span class='ocrx_word' id='word_1_177' title='bbox 532 2701 594 2767; x_wconf 80' lang='lat' dir='ltr'><strong>DE</strong></span> <span class='ocrx_word' id='word_1_178' title='bbox 618 2699 980 2783; x_wconf 69' lang='lat' dir='ltr'>OONPOSITIONEo</span> <span class='ocrx_word' id='word_1_179' title='bbox 1059 2713 1061 2716; x_wconf 77' lang='grc'>’</span> 
     </span>
    </p>

    <p class='ocr_par' dir='ltr' id='par_1_7' title="bbox 206 2802 1309 3718">
     <span class='ocr_line' id='line_1_25' title="bbox 210 2802 1309 2875; baseline 0.001 -5"><span class='ocrx_word' id='word_1_180' title='bbox 210 2806 365 2875; x_wconf 81' lang='lat' dir='ltr'><strong>dicemus.</strong></span> <span class='ocrx_word' id='word_1_181' title='bbox 418 2805 564 2870; x_wconf 85' lang='lat' dir='ltr'><strong>Blassius</strong></span> <span class='ocrx_word' id='word_1_182' title='bbox 596 2804 617 2869; x_wconf 93' lang='lat' dir='ltr'><strong>l.</strong></span> <span class='ocrx_word' id='word_1_183' title='bbox 646 2802 684 2868; x_wconf 87' lang='lat' dir='ltr'><strong>cl.</strong></span> <span class='ocrx_word' id='word_1_184' title='bbox 712 2815 799 2871; x_wconf 88' lang='lat' dir='ltr'><strong>recte</strong></span> <span class='ocrx_word' id='word_1_185' title='bbox 828 2817 937 2871; x_wconf 89' lang='lat' dir='ltr'><strong>monet</strong></span> <span class='ocrx_word' id='word_1_186' title='bbox 965 2808 1068 2872; x_wconf 84' lang='lat' dir='ltr'><strong>uerbe</strong></span> <span class='ocrx_word' id='word_1_187' title='bbox 1097 2809 1130 2871; x_wconf 94' lang='lat' dir='ltr'><strong>in</strong></span> <span class='ocrx_word' id='word_1_188' title='bbox 1161 2807 1309 2872; x_wconf 84' lang='lat' dir='ltr'><strong>oratione</strong></span> 
     </span>
     <span class='ocr_line' id='line_1_26' title="bbox 210 2906 1307 2995; baseline -0.001 -22"><span class='ocrx_word' id='word_1_189' title='bbox 210 2907 362 2973; x_wconf 91' lang='lat' dir='ltr'>XXXIII</span> <span class='ocrx_word' id='word_1_190' title='bbox 384 2908 573 2995; x_wconf 87' lang='lat' dir='ltr'><strong>plerumque</strong></span> <span class='ocrx_word' id='word_1_191' title='bbox 592 2909 639 2973; x_wconf 86' lang='lat' dir='ltr'><strong>ita</strong></span> <span class='ocrx_word' id='word_1_192' title='bbox 661 2906 820 2973; x_wconf 87' lang='lat' dir='ltr'><strong>collocata</strong></span> <span class='ocrx_word' id='word_1_193' title='bbox 845 2931 924 2989; x_wconf 91' lang='lat' dir='ltr'><strong>esse,</strong></span> <span class='ocrx_word' id='word_1_194' title='bbox 946 2919 982 2974; x_wconf 88' lang='lat' dir='ltr'><strong>ut</strong></span> <span class='ocrx_word' id='word_1_195' title='bbox 996 2911 1148 2975; x_wconf 91' lang='lat' dir='ltr'><strong>circuitus</strong></span> <span class='ocrx_word' id='word_1_196' title='bbox 1164 2919 1196 2973; x_wconf 91' lang='lat' dir='ltr'><strong>et</strong></span> <span class='ocrx_word' id='word_1_197' title='bbox 1211 2911 1307 2995; x_wconf 90' lang='lat' dir='ltr'><strong>quasi</strong></span> 
     </span>
     <span class='ocr_line' id='line_1_27' title="bbox 211 3011 1305 3101; baseline 0.002 -26"><span class='ocrx_word' id='word_1_198' title='bbox 211 3011 297 3077; x_wconf 85' lang='lat' dir='ltr'><strong>orbis</strong></span> <span class='ocrx_word' id='word_1_199' title='bbox 320 3011 477 3098; x_wconf 90' lang='lat' dir='ltr'><strong>quosdam</strong></span> <span class='ocrx_word' id='word_1_200' title='bbox 500 3012 650 3078; x_wconf 88' lang='lat' dir='ltr'><strong>efficiant.</strong></span> <span class='ocrx_word' id='word_1_201' title='bbox 694 3033 754 3077; x_wconf 90' lang='lat' dir='ltr'><strong>nec</strong></span> <span class='ocrx_word' id='word_1_202' title='bbox 768 3021 878 3077; x_wconf 86' lang='lat' dir='ltr'><strong>tamen</strong></span> <span class='ocrx_word' id='word_1_203' title='bbox 895 3014 990 3077; x_wconf 87' lang='lat' dir='ltr'><strong>nimis</strong></span> <span class='ocrx_word' id='word_1_204' title='bbox 1011 3035 1144 3101; x_wconf 88' lang='lat' dir='ltr'><strong>operose</strong></span> <span class='ocrx_word' id='word_1_205' title='bbox 1158 3011 1212 3076; x_wconf 87' lang='lat' dir='ltr'><strong>uel</strong></span> <span class='ocrx_word' id='word_1_206' title='bbox 1226 3013 1305 3077; x_wconf 86' lang='lat' dir='ltr'><strong>arti-</strong></span> 
     </span>
     <span class='ocr_line' id='line_1_28' title="bbox 209 3112 1306 3200; baseline 0 -22"><span class='ocrx_word' id='word_1_207' title='bbox 209 3113 317 3180; x_wconf 91' lang='lat' dir='ltr'><strong>ficiose</strong></span> <span class='ocrx_word' id='word_1_208' title='bbox 328 3114 621 3200; x_wconf 87' lang='lat' dir='ltr'><strong>conprehensiones</strong></span> <span class='ocrx_word' id='word_1_209' title='bbox 636 3112 808 3178; x_wconf 86' lang='lat' dir='ltr'><strong>uerborum</strong></span> <span class='ocrx_word' id='word_1_210' title='bbox 820 3115 926 3180; x_wconf 88' lang='lat' dir='ltr'><strong>factae</strong></span> <span class='ocrx_word' id='word_1_211' title='bbox 938 3125 1023 3181; x_wconf 89' lang='lat' dir='ltr'><strong>sunt:</strong></span> <span class='ocrx_word' id='word_1_212' title='bbox 1040 3138 1116 3180; x_wconf 89' lang='lat' dir='ltr'><strong>nam</strong></span> <span class='ocrx_word' id='word_1_213' title='bbox 1128 3115 1306 3180; x_wconf 85' lang='lat' dir='ltr'><strong>maximam</strong></span> 
     </span>
     <span class='ocr_line' id='line_1_29' title="bbox 208 3216 1303 3305; baseline 0.002 -24"><span class='ocrx_word' id='word_1_214' title='bbox 208 3227 333 3302; x_wconf 84' lang='lat' dir='ltr'><strong>partem</strong></span> <span class='ocrx_word' id='word_1_215' title='bbox 363 3226 441 3305; x_wconf 89' lang='lat' dir='ltr'><strong>apta</strong></span> <span class='ocrx_word' id='word_1_216' title='bbox 470 3227 502 3283; x_wconf 90' lang='lat' dir='ltr'><strong>et</strong></span> <span class='ocrx_word' id='word_1_217' title='bbox 529 3218 622 3304; x_wconf 87' lang='lat' dir='ltr'><strong>quasi</strong></span> <span class='ocrx_word' id='word_1_218' title='bbox 652 3216 793 3282; x_wconf 86' lang='lat' dir='ltr'><strong>rotunda</strong></span> <span class='ocrx_word' id='word_1_219' title='bbox 814 3219 987 3284; x_wconf 86' lang='lat' dir='ltr'><strong>uerborum</strong></span> <span class='ocrx_word' id='word_1_220' title='bbox 1009 3221 1204 3285; x_wconf 85' lang='lat' dir='ltr'><strong>constructio</strong></span> <span class='ocrx_word' id='word_1_221' title='bbox 1227 3241 1303 3284; x_wconf 89' lang='lat' dir='ltr'><strong>oon·</strong></span> 
     </span>
     <span class='ocr_line' id='line_1_30' title="bbox 208 3319 1305 3408; baseline 0.002 -24"><span class='ocrx_word' id='word_1_222' title='bbox 208 3321 328 3385; x_wconf 89' lang='lat' dir='ltr'><strong>tinetur</strong></span> <span class='ocrx_word' id='word_1_223' title='bbox 339 3321 556 3386; x_wconf 85' lang='lat' dir='ltr'><strong>concinnitate</strong></span> <span class='ocrx_word' id='word_1_224' title='bbox 567 3319 783 3386; x_wconf 88' lang='lat' dir='ltr'><strong>membrorum</strong></span> <span class='ocrx_word' id='word_1_225' title='bbox 795 3323 831 3408; x_wconf 83' lang='lat'><strong>³),</strong></span> <span class='ocrx_word' id='word_1_226' title='bbox 847 3323 899 3386; x_wconf 91' lang='lat' dir='ltr'><strong>cui</strong></span> <span class='ocrx_word' id='word_1_227' title='bbox 915 3344 1038 3386; x_wconf 91' lang='lat' dir='ltr'><strong>summo</strong></span> <span class='ocrx_word' id='word_1_228' title='bbox 1054 3344 1149 3408; x_wconf 87' lang='lat' dir='ltr'><strong>opere</strong></span> <span class='ocrx_word' id='word_1_229' title='bbox 1165 3322 1305 3408; x_wconf 86' lang='lat' dir='ltr'><strong>scriptor</strong></span> 
     </span>
     <span class='ocr_line' id='line_1_31' title="bbox 208 3422 1302 3519; baseline 0.005 -34"><span class='ocrx_word' id='word_1_230' title='bbox 208 3422 362 3519; x_wconf 65' lang='lat' dir='ltr'><strong>orationis</strong></span> <span class='ocrx_word' id='word_1_231' title='bbox 385 3423 501 3492; x_wconf 88' lang='lat' dir='ltr'><strong>studet.</strong></span> <span class='ocrx_word' id='word_1_232' title='bbox 535 3422 622 3510; x_wconf 93' lang='lat' dir='ltr'><strong>quod</strong></span> <span class='ocrx_word' id='word_1_233' title='bbox 645 3426 772 3488; x_wconf 90' lang='lat' dir='ltr'><strong>cumin</strong></span> <span class='ocrx_word' id='word_1_234' title='bbox 795 3426 930 3509; x_wconf 84' lang='lat' dir='ltr'><strong>singulis</strong></span> <span class='ocrx_word' id='word_1_235' title='bbox 952 3427 1104 3512; x_wconf 89' lang='lat' dir='ltr'><strong>deinceps</strong></span> <span class='ocrx_word' id='word_1_236' title='bbox 1127 3426 1302 3490; x_wconf 89' lang='lat' dir='ltr'><strong>enuntiatis</strong></span> 
     </span>
     <span class='ocr_line' id='line_1_32' title="bbox 208 3516 1303 3615; baseline 0.005 -27"><span class='ocrx_word' id='word_1_237' title='bbox 208 3524 377 3591; x_wconf 87' lang='lat' dir='ltr'><strong>ostendere</strong></span> <span class='ocrx_word' id='word_1_238' title='bbox 406 3516 539 3611; x_wconf 84' lang='lat' dir='ltr'><strong>longum</strong></span> <span class='ocrx_word' id='word_1_239' title='bbox 568 3528 623 3608; x_wconf 91' lang='lat' dir='ltr'><strong>sit,</strong></span> <span class='ocrx_word' id='word_1_240' title='bbox 652 3524 736 3591; x_wconf 90' lang='lat' dir='ltr'><strong>hanc</strong></span> <span class='ocrx_word' id='word_1_241' title='bbox 763 3528 815 3592; x_wconf 89' lang='lat' dir='ltr'><strong>uel</strong></span> <span class='ocrx_word' id='word_1_242' title='bbox 844 3527 933 3593; x_wconf 86' lang='lat' dir='ltr'><strong>illam</strong></span> <span class='ocrx_word' id='word_1_243' title='bbox 965 3531 1173 3610; x_wconf 89' lang='lat' dir='ltr'><strong>sententiam,</strong></span> <span class='ocrx_word' id='word_1_244' title='bbox 1205 3538 1303 3615; x_wconf 87' lang='lat' dir='ltr'><strong>prout</strong></span> 
     </span>
     <span class='ocr_line' id='line_1_33' title="bbox 206 3627 1299 3718; baseline 0.001 -28"><span class='ocrx_word' id='word_1_245' title='bbox 206 3627 285 3693; x_wconf 90' lang='lat' dir='ltr'><strong>mibi</strong></span> <span class='ocrx_word' id='word_1_246' title='bbox 300 3628 423 3711; x_wconf 86' lang='lat' dir='ltr'><strong>libebit,</strong></span> <span class='ocrx_word' id='word_1_247' title='bbox 437 3631 472 3695; x_wconf 91' lang='lat' dir='ltr'><strong>in</strong></span> <span class='ocrx_word' id='word_1_248' title='bbox 487 3630 633 3696; x_wconf 86' lang='lat' dir='ltr'><strong>membre</strong></span> <span class='ocrx_word' id='word_1_249' title='bbox 648 3628 849 3715; x_wconf 88' lang='lat' dir='ltr'><strong>dispertitam</strong></span> <span class='ocrx_word' id='word_1_250' title='bbox 863 3654 1042 3718; x_wconf 88' lang='lat' dir='ltr'><strong>proponere</strong></span> <span class='ocrx_word' id='word_1_251' title='bbox 1057 3633 1135 3697; x_wconf 88' lang='lat' dir='ltr'><strong>satis</strong></span> <span class='ocrx_word' id='word_1_252' title='bbox 1151 3630 1299 3697; x_wconf 87' lang='lat' dir='ltr'><strong>habebo:</strong></span> 
     </span>
    </p>

    <p class='ocr_par' dir='ltr' id='par_1_8' title="bbox 313 3731 1298 3819">
     <span class='ocr_line' id='line_1_34' title="bbox 313 3731 1298 3819; baseline 0 -21"><span class='ocrx_word' id='word_1_253' title='bbox 313 3737 341 3815; x_wconf 66' lang='grc' dir='ltr'><strong>ἓ.</strong></span> <span class='ocrx_word' id='word_1_254' title='bbox 365 3734 400 3798; x_wconf 81' lang='lat'><strong>2:</strong></span> <span class='ocrx_word' id='word_1_255' title='bbox 423 3734 462 3798; x_wconf 88' lang='lat' dir='ltr'><strong>A.</strong></span> <span class='ocrx_word' id='word_1_256' title='bbox 479 3734 535 3798; x_wconf 86' lang='grc' dir='ltr'><strong>καὶ</strong></span> <span class='ocrx_word' id='word_1_257' title='bbox 566 3732 683 3798; x_wconf 82' lang='grc' dir='ltr'><em>πολλοὶ</em></span> <span class='ocrx_word' id='word_1_258' title='bbox 706 3732 767 3811; x_wconf 73' lang='grc' dir='ltr'><em>ι’ξὸη</em></span> <span class='ocrx_word' id='word_1_259' title='bbox 790 3734 857 3797; x_wconf 83' lang='grc' dir='ltr'><strong>τῶν</strong></span> <span class='ocrx_word' id='word_1_260' title='bbox 879 3731 1068 3819; x_wconf 85' lang='grc' dir='ltr'><em>φευγόντων</em></span> <span class='ocrx_word' id='word_1_261' title='bbox 1090 3741 1125 3799; x_wconf 80' lang='grc' dir='ltr'><strong>ἐν</strong></span> <span class='ocrx_word' id='word_1_262' title='bbox 1150 3745 1222 3810; x_wconf 83' lang='grc' dir='ltr'><em>ταῖς</em></span> <span class='ocrx_word' id='word_1_263' title='bbox 1243 3741 1298 3819; x_wconf 75' lang='grc' dir='ltr'><strong>ἐμ-</strong></span> 
     </span>
    </p>

    <p class='ocr_par' dir='ltr' id='par_1_9' title="bbox 480 3845 632 3922">
     <span class='ocr_line' id='line_1_35' title="bbox 480 3845 632 3922; baseline -0.02 -21"><span class='ocrx_word' id='word_1_264' title='bbox 480 3845 632 3922; x_wconf 82' lang='grc' dir='ltr'><em>τιορικαῖς</em></span> 
     </span>
    </p>
   </div>
   <div class='ocr_carea' id='block_1_3' title="bbox 206 3970 1297 4247">
    <p class='ocr_par' dir='ltr' id='par_1_10' title="bbox 206 3970 1297 4247">
     <span class='ocr_line' id='line_1_36' title="bbox 277 3970 867 4077; baseline 0.007 -19"><span class='ocrx_word' id='word_1_265' title='bbox 277 4006 304 4075; x_wconf 91' lang='lat'><strong>1)</strong></span> <span class='ocrx_word' id='word_1_266' title='bbox 322 4005 398 4060; x_wconf 71' lang='lat' dir='ltr'><strong>ruse</strong></span> <span class='ocrx_word' id='word_1_267' title='bbox 417 4006 440 4060; x_wconf 91' lang='lat'><strong>1.</strong></span> <span class='ocrx_word' id='word_1_268' title='bbox 459 4022 524 4077; x_wconf 76' lang='lat' dir='ltr'><strong>pag.</strong></span> <span class='ocrx_word' id='word_1_269' title='bbox 542 4007 577 4062; x_wconf 78' lang='grc' dir='ltr'><strong>νο</strong></span> <span class='ocrx_word' id='word_1_270' title='bbox 595 4004 637 4061; x_wconf 80' lang='lat' dir='ltr'><strong>ec.</strong></span> <span class='ocrx_word' id='word_1_271' title='bbox 656 4006 726 4062; x_wconf 74' lang='lat' dir='ltr'><strong>coa</strong></span> <span class='ocrx_word' id='word_1_272' title='bbox 746 4023 771 4061; x_wconf 70' lang='lat' dir='ltr'><strong>a</strong></span> <span class='ocrx_word' id='word_1_273' title='bbox 791 3970 867 4064; x_wconf 81' lang='lat' dir='ltr'><strong>ress.</strong></span> 
     </span>
     <span class='ocr_line' id='line_1_37' title="bbox 274 4093 1297 4167; baseline 0.005 -21"><span class='ocrx_word' id='word_1_274' title='bbox 274 4093 302 4160; x_wconf 78' lang='lat'><strong>2)</strong></span> <span class='ocrx_word' id='word_1_275' title='bbox 322 4093 496 4165; x_wconf 87' lang='lat' dir='ltr'><strong>,compositio</strong></span> <span class='ocrx_word' id='word_1_276' title='bbox 519 4100 563 4148; x_wconf 87' lang='lat' dir='ltr'><strong>est</strong></span> <span class='ocrx_word' id='word_1_277' title='bbox 588 4094 739 4149; x_wconf 86' lang='lat' dir='ltr'><strong>uerborum</strong></span> <span class='ocrx_word' id='word_1_278' title='bbox 763 4101 905 4151; x_wconf 80' lang='lat' dir='ltr'><strong>structura</strong></span> <span class='ocrx_word' id='word_1_279' title='bbox 927 4095 1076 4167; x_wconf 80' lang='lat' dir='ltr'><strong>perpolitu‘</strong></span> <span class='ocrx_word' id='word_1_280' title='bbox 1099 4096 1205 4151; x_wconf 79' lang='lat' dir='ltr'><strong>cornis.</strong></span> <span class='ocrx_word' id='word_1_281' title='bbox 1227 4098 1297 4152; x_wconf 90' lang='lat' dir='ltr'><strong>rhet.</strong></span> 
     </span>
     <span class='ocr_line' id='line_1_38' title="bbox 206 4177 601 4247; baseline 0.018 -17"><span class='ocrx_word' id='word_1_282' title='bbox 206 4177 243 4231; x_wconf 83' lang='lat' dir='ltr'><strong>ad</strong></span> <span class='ocrx_word' id='word_1_283' title='bbox 262 4179 382 4234; x_wconf 79' lang='lat' dir='ltr'><strong>Hereum.</strong></span> <span class='ocrx_word' id='word_1_284' title='bbox 401 4179 468 4234; x_wconf 90' lang='lat'><em>1111.</em></span> <span class='ocrx_word' id='word_1_285' title='bbox 488 4182 529 4247; x_wconf 81' lang='lat'><strong>12,</strong></span> <span class='ocrx_word' id='word_1_286' title='bbox 548 4182 601 4237; x_wconf 82' lang='grc' dir='ltr'><strong>18.Ι</strong></span> 
     </span>
    </p>
   </div>
   <div class='ocr_carea' id='block_1_4' title="bbox 273 4265 1099 4338">
    <p class='ocr_par' dir='ltr' id='par_1_11' title="bbox 273 4265 1099 4338">
     <span class='ocr_line' id='line_1_39' title="bbox 273 4265 1099 4338; baseline 0.005 -19"><span class='ocrx_word' id='word_1_287' title='bbox 273 4265 302 4336; x_wconf 76' lang='grc'><strong>3)</strong></span> <span class='ocrx_word' id='word_1_288' title='bbox 320 4267 540 4338; x_wconf 81' lang='lat' dir='ltr'><strong>parallelismum</strong></span> <span class='ocrx_word' id='word_1_289' title='bbox 558 4269 747 4324; x_wconf 87' lang='lat' dir='ltr'><strong>membrorum</strong></span> <span class='ocrx_word' id='word_1_290' title='bbox 764 4284 839 4325; x_wconf 89' lang='lat' dir='ltr'><strong>nuuc</strong></span> <span class='ocrx_word' id='word_1_291' title='bbox 855 4266 975 4324; x_wconf 80' lang='lat' dir='ltr'><strong>barbare</strong></span> <span class='ocrx_word' id='word_1_292' title='bbox 994 4268 1099 4323; x_wconf 88' lang='lat' dir='ltr'><strong>dicunt.</strong></span> 
     </span>
    </p>
   </div>
   <div class='ocr_carea' id='block_1_5' title="bbox 0 0 1354 4658">
    <p class='ocr_par' dir='ltr' id='par_1_12' title="bbox 0 0 1354 4658">
     <span class='ocr_line' id='line_1_40' title="bbox 0 0 1354 4658; baseline 0 2"><span class='ocrx_word' id='word_1_293' title='bbox 0 0 1354 4658; x_wconf 95' lang='lat' dir='ltr'><strong> </strong></span> 
     </span>
    </p>
   </div>
  </div>
 </body>
</html>
