2700 4658
655 246 868 320 -ιη,

213 424 331 511 γοῦντι
351 426 414 506 τήν
435 420 554 510 ἐγγύην
575 427 641 492 ἐπὶ
664 422 737 501 τὰς
757 421 985 505 συνθήκας
1009 431 1118 492 ἰέναι
1140 426 1183 513 (si
1203 445 1315 491 recur-

213 552 318 595 rerem
355 529 398 594 ad
434 531 656 615 contractum).
713 529 891 595 infinitinus
920 530 1093 596 audaciore
1124 529 1223 594 modo
1252 551 1314 614 pro

213 632 358 698 membro
387 632 602 698 condicionali
631 633 756 719 positus
778 643 843 715 est,
871 634 929 720 qui
949 633 1080 719 quidem
1100 654 1180 697 usus
1201 655 1224 698 a
1244 631 1314 696 De·

213 737 390 802 mosthenis
419 757 538 821 genere
566 738 691 801 alienus
720 747 777 802 est
826 735 980 827 Reiskius
1005 737 1089 817 aeri,
1118 747 1155 801 ut
1176 734 1314 817 solebat,

213 839 332 905 iudicio
355 838 471 903 duetus
492 841 549 904 ναὶ
570 836 735 907 κελεύοντι
757 850 831 928 post
853 833 973 926 ἐγγύην
988 839 1100 905 deesse
1115 839 1206 907 dixit
1250 860 1312 904 nec

213 951 323 1008 tamen
352 943 524 1029 quiequam
553 943 745 1008 mutandum
774 953 840 1008 est:
872 943 912 1009 cI
940 943 1089 1029 Thneyd.
1120 942 1177 1007 VI.
1207 941 1260 1010 60.
1289 942 1311 1006 3

212 1046 432 1133 βεβαιοτέραν
460 1042 526 1130 γὰρ
554 1042 649 1130 αὐτῷ
677 1049 841 1134 σωτηρίαν
861 1041 945 1112 εἶναι
971 1039 1221 1131 ὁμολογήσαντι
1241 1050 1312 1128 μετ’

214 1145 327 1225 sonae
345 1141 368 1228 ἢ
385 1145 570 1235 &owen
590 1145 648 1214 os
665 1151 758 1228 οιεης
775 1152 890 1215 nasa
909 1149 947 1215 or
958 1148 1119 1235 Kruegeri
1137 1158 1197 1215 art.
1216 1147 1244 1217 1.
1258 1148 1312 1212 69.

213 1254 265 1319 30.
286 1253 327 1334 2.,
340 1252 537 1339 quiquidem
558 1253 648 1318 loeus
670 1259 866 1339 quamquam
886 1274 951 1317 non
970 1275 1102 1338 prorsus
1122 1251 1236 1316 similis
1251 1258 1312 1324 est,

212 1365 323 1421 tamen
340 1357 500 1440 originem
515 1378 595 1420 usus
610 1356 695 1420 illius
713 1356 861 1424 ostendit
892 1355 988 1439 adde,
1002 1355 1088 1443 quod
1102 1359 1188 1421 ίίναι
1201 1356 1258 1420 ἐπί
1268 1377 1314 1435 τι,

213 1459 253 1523 ef.
268 1460 310 1524 29
327 1461 383 1524 ἐπὶ
397 1457 437 1524 τὸ
452 1456 633 1543 ἀρνεῖσθαι
649 1453 764 1540 ἦλθον
780 1482 818 1525 eo
837 1481 934 1524 sensu
950 1468 1150 1547 usurpatum,
1172 1467 1210 1521 ut
1225 1457 1313 1520 idem

213 1561 332 1643 ualeat,
353 1562 440 1648 qnod
462 1558 685 1652 καταφεύγειν
706 1566 750 1638 είς
772 1586 816 1646 τι,
837 1561 1052 1628 Demostheni
1073 1581 1179 1648 paene
1194 1559 1313 1644 ‘incog-

213 1665 317 1730 nitum
345 1675 404 1732 est.
464 1665 568 1730 simile
600 1665 678 1753 quid
709 1667 807 1730 affere
840 1689 906 1731 non
935 1686 1069 1752 possum
1101 1663 1165 1728 nisi
1194 1684 1237 1728 ex
1266 1685 1312 1728 or.

214 1768 423 1834 XXXVIIII
447 1770 497 1836 27.
518 1764 588 1848 ἥξει
609 1770 637 1834 δ
658 1771 713 1835 ἐπὶ
734 1768 853 1853 ταῦτα,
877 1770 963 1852 άπερ
984 1765 1037 1834 ἀεὶ
1052 1769 1145 1853 λέγει
1177 1766 1312 1853 reliquis

215 1883 324 1937 autsm
344 1871 425 1937 loeis
448 1877 534 1938 ίέναι
554 1875 611 1939 ἐπί
632 1898 667 1938 τι
696 1873 750 1957 (cf.
772 1872 917 1937 XXIIII.
939 1872 996 1957 61)
1019 1879 1052 1935 et
1072 1871 1236 1956 ἔρχεσθαι
1256 1871 1313 1934 ἐπί

214 1998 249 2040 τι
271 1975 326 2061 (ef.
351 1975 489 2060 [XVII]
517 1976 569 2061 10)
599 1985 632 2040 et
659 1975 807 2058 βαδίζειν
834 1977 890 2040 ἐπί
917 1998 952 2039 τι
975 1973 1030 2060 (οἱ
1051 1971 1178 2037 XVIII.
1199 1973 1232 2053 4,
1253 1973 1311 2056 58)

212 2071 297 2162 πρός
320 2102 354 2143 τι
376 2079 430 2164 (ef.
453 2077 579 2142 XVIII.
600 2079 680 2164 263)
702 2086 735 2142 et
752 2073 958 2163 πορεύεσθαι
979 2079 1035 2143 ἐπί
1049 2102 1084 2143 τι
1097 2077 1151 2161 (ef.
1168 2075 1309 2161 [XXV]

216 2181 270 2265 14)
293 2181 454 2264 signifieat
474 2183 623 2261 ‚transire
644 2180 688 2245 ad
707 2181 839 2265 aliquid,
860 2203 895 2245 se
909 2188 1097 2247 conuertere
1111 2181 1154 2244 ad
1168 2179 1310 2265 aliquid,

213 2291 249 2346 ut
277 2284 523 2369 ἐπανέρχεσθαι
545 2292 577 2348 et
598 2288 769 2349 ἐπανιέναι
792 2286 848 2348 ἐπί
869 2307 904 2347 τι
925 2293 958 2347 et
978 2284 1024 2359 είς
1046 2308 1081 2348 τι
1101 2282 1157 2368 (cf.
1179 2281 1309 2348 XVIII.

212 2385 362 2468 42,102,
386 2386 455 2464 163,
485 2385 562 2449 XX.
584 2386 636 2468 99,
669 2385 794 2470 [XIII]
817 2386 1065 2471 9)'sententiam
1087 2385 1244 2450 redeundi
1266 2384 1310 2448 ad

213 2488 335 2573 aliquid
373 2488 479 2555 habet.
536 2489 600 2554 alio
633 2488 772 2575 denique
804 2511 901 2554 sensu
938 2489 1136 2554 ἐπανελθεῖν
1172 2490 1229 2554 ἐπὶ
1264 2480 1308 2553 τά

212 2591 397 2676 γράμματα
440 2593 614 2680 (inspicere
659 2592 879 2678 syngraphas)
915 2600 965 2657 est
1007 2590 1168 2658 XXVIII
1211 2593 1234 2657 5
1277 2599 1309 2656 et

213 2693 407 2778 [XXXIII]
430 2695 481 2760 36.

297 2801 326 2877 ξ.
349 2797 400 2863 30.
443 2792 579 2875 ἐζήτουν
593 2800 706 2882 ἐτέρας
719 2793 917 2886 γράφεσθαι
930 2797 1138 2883 [συνθήκας]
1150 2805 1184 2861 et
1194 2799 1307 2884 ἐνεχεί-

212 2920 294 2983 ρουν
319 2891 496 2975 συνθήκας
525 2901 727 2988 γράφεσθαι.
758 2901 797 2968 σί
830 2902 870 2965 14
898 2896 1092 2990 γράψαντες
1120 2894 1309 2984 συνθήκας,

215 3002 263 3067 19.
293 3001 528 3086 ἐπιχειροῦντες
557 2996 699 3089 γράφειν
729 3008 840 3087 ἐτέρας
862 2998 1052 3085 συνθήκας,
1080 3004 1131 3068 30.
1154 3006 1311 3089 ἔγραψαν

213 3107 307 3187 ἐτερα
333 3095 533 3189 γράμματος
562 3127 665 3190 genus
691 3106 832 3170 medinm
853 3106 946 3171 uerbi
966 3100 1109 3192 γράφειν
1130 3105 1218 3191 apud
1240 3106 1308 3171 De-

211 3205 412 3270 mosthenem
435 3208 596 3291 signifieat
618 3210 807 3297 saepissime
827 3215 1012 3291 ,aoeusare‘‚
1035 3207 1133 3274 semel
1153 3207 1228 3290 ‚sibi
1248 3230 1310 3294 per

210 3309 335 3373 litteras
360 3309 533 3394 postulare‘
562 3310 706 3376 XXIIII.
728 3313 771 3377 48
801 3306 1199 3397 πρόσοδονγράψασθαι
1223 3308 1310 3395 πρὸς

214 3405 274 3490 τήν
288 3409 425 3496 βουλήν,
440 3413 480 3477 cI.
496 3411 615 3498 [LVI]
627 3417 670 3481 44
685 3416 868 3479 διπλασίαν
881 3414 965 3479 καθ’
980 3411 1093 3480 αὐτῶν
1107 3409 1169 3491 τήν
1183 3414 1310 3500 ζημίαν

209 3510 429 3602 γράψασθαι.
479 3526 647 3602 praeterea
674 3539 695 3582 a
722 3516 944 3582 Demosthene
969 3511 1167 3605 γράφεσθαι
1188 3515 1310 3588 dieitur

209 3619 255 3699 is,
293 3620 348 3704 qui
383 3618 505 3705 aliquid
535 3621 569 3684 in
605 3620 870 3686 commentarium
897 3618 997 3684 refert
1028 3617 1136 3705 (XXI.
1169 3619 1233 3685 130
1262 3617 1308 3696 ὡς

209 3721 346 3806 ἐμαυτῷ
366 3723 567 3809 γέγραμμαι)
589 3724 793 3810 maximeque
808 3724 1010 3815 argentarius
1026 3721 1308 3808 [XXXXVIIH.]

209 3825 229 3889 8
252 3824 312 3906 bis,
334 3825 384 3900 32,
408 3825 458 3891 62.
503 3823 680 3905 συνθήκας
701 3821 939 3911 γράφεσθαι
954 3832 1063 3890 autem
1077 3846 1098 3889 a
1111 3826 1307 3892 Demosthe·

208 3929 258 3991 nis
288 3949 407 4012 genere
430 3926 569 3991 alienum
590 3930 719 3993 uidetur
739 3950 819 4007 esse,
842 3929 882 3993 ef.
904 3926 1033 3992 XXIII.
1057 3929 1078 3992 4
1098 3920 1223 4017 γράφει
1245 3925 1309 4007 τὰς

207 4023 383 4109 συνθήκας
412 4027 497 4117 πρὸς
519 4027 773 4116 Κηφισόδοτον,
807 4031 865 4096 170
885 4028 1006 4120 γράφει
1027 4026 1046 4094 ὁ
1066 4024 1308 4120 Ἀθηνόδωρος

207 4130 400 4216 συνθήκας,
431 4133 489 4198 171
514 4129 635 4219 γράφει
656 4132 688 4197 δ’
713 4137 823 4219 ἐτέρας
845 4133 907 4220 [σ.]
941 4127 1025 4216 πρὸς
1053 4127 1114 4198 τὸν
1135 4134 1309 4219 Χαβρίαν,

208 4235 269 4300 173
292 4230 411 4323 γράφει
426 4229 601 4315 συνθήκας
616 4230 699 4321 πρὸς
721 4233 782 4300 τὸν
799 4230 949 4320 Χάρητα,
966 4236 1028 4299 176
1041 4227 1164 4325 γράφει
1178 4230 1309 4315 ταύτας
