2700 4658
547 830 699 927 caput
730 830 785 906 Π.

118 1011 169 1080 De
200 1013 379 1096 scriptore
408 1013 582 1081 orationis
611 1013 785 1081 aduersus
812 1012 1026 1096 spatarium
1056 1016 1213 1086 habitae.

202 1157 344 1286 Oratio
366 1220 523 1287 aduersus
537 1218 731 1307 Apaturium
753 1221 867 1289 hahita
889 1217 1216 1312 (πρδς’4πατοόριου

119 1318 1217 1413 παραγραφηῆἱοιεεῦεαεοεεοεοὶεοτεείοοεεΧΧΧΙΙΙοοιυετεεοτ,

119 1436 155 1494 ut
184 1428 364 1494 orationum
392 1429 702 1517 paragraphiccrum
724 1449 807 1517 quae
830 1429 983 1496 dicuntur
1001 1433 1142 1498 secunda
1165 1434 1215 1501 sit.
1240 1443 1241 1446 ’

120 1552 180 1599 nec
209 1552 362 1619 umquem
392 1531 521 1598 uidetur
549 1534 690 1621 antiquis
712 1533 910 1621 temporibus
933 1533 1114 1602 dubitatum
1136 1559 1218 1621 esse,

120 1635 199 1721 quin
220 1633 449 1700 Demosthenis
470 1634 686 1702 existimanda
708 1645 802 1705 esset.
848 1636 1099 1725 Harpocrationi
1120 1650 1216 1722 certe,

120 1739 177 1826 qui
206 1737 380 1803 multarum
402 1740 585 1803 orationum
606 1740 931 1806 Demosthenicerum
953 1742 1216 1828 inscriptionibus

120 1841 200 1907 illud
221 1845 248 1905 εὶ
268 1832 404 1925 γνήσιος
425 1838 444 1907 ὁ
466 1836 566 1928 λόγος
587 1841 723 1925 adiecit,
755 1841 856 1909 dubie
885 1867 950 1910 non
972 1852 1021 1909 est
1042 1844 1114 1910 uisu
1137 1868 1162 1914 s.
1185 1869 1216 1911 u.

110 1938 292 2034 Ὀφρύνιον
317 1964 391 2030 pag.
414 1943 477 2010 229
500 1943 597 2011 Dind.
626 1945 847 2030 Δημοσθένης
877 1954 912 2013 ευ
938 1946 989 2032 τῷ
1010 1941 1094 2033 πρὸς
1112 1943 1215 2014 Ἀπα-

121 2043 264 2134 τούριον.
306 2048 404 2123 πόλις
426 2048 498 2113 ἐστὶ
519 2047 578 2127 τῆς
605 2043 762 2132 Τρῳάδος
783 2047 826 2126 ὡς
847 2051 943 2130 δηλοῖ
959 2048 1162 2135 Ἀνδροτίων
1183 2059 1219 2119 εν

122 2152 153 2243 γ’
178 2151 344 2224 Ἀτθίδος·
397 2155 476 2219 item
504 2153 605 2218 Iulius
637 2151 771 2237 Pollux,
806 2156 898 2220 cuius
926 2165 1036 2223 tamen
1066 2153 1218 2222 iudicium

122 2260 257 2326 minoris
280 2257 461 2324 ducendum
483 2267 541 2339 est,
563 2260 715 2345 quonism
738 2257 867 2346 quidem
889 2280 954 2324 non
975 2261 1048 2348 plus
1064 2258 1160 2324 semel
1175 2296 1218 2308 ——

123 2363 200 2430 1111.
227 2362 288 2427 144
310 2398 352 2412 -
365 2359 593 2428 Demosthenis
616 2365 794 2428 orationem
808 2364 843 2427 in
859 2362 1070 2450 suspitionem
1081 2364 1221 2444 uocauit,

125 2477 161 2534 ut
194 2463 419 2531 Demosthenis
449 2463 538 2528 illem
568 2465 745 2532 cratonem
774 2464 920 2530 laudauit
946 2465 990 2531 II.
1013 2467 1065 2532 28.
1117 2461 1220 2552 ἀπορ-

125 2569 234 2661 tocco
263 2568 296 2634 δ’
323 2562 418 2652 αὐτῷ
438 2567 659 2652 Δημοσθένης
683 2565 750 2633 εἶπε
772 2562 813 2634 τὸ
844 2563 1080 2656 ἀπαγορευδέυ
1109 2604 1148 2618 -
1178 2569 1220 2650 ef.

126 2673 280 2739 orationis
295 2667 328 2761 ἓ.
343 2672 393 2738 21.
416 2707 456 2720 -
472 2681 504 2736 et
515 2669 606 2739 vm.
622 2672 671 2740 64.
686 2670 897 2757 προσθετέον
911 2671 945 2736 δὲ
957 2679 1027 2747 τοῖς
1042 2675 1221 2759 εἰρημένοις

127 2779 184 2842 καὶ
211 2769 305 2842 τοίδε·
349 2774 466 2838 δίαιτα
495 2767 668 2854 διαιτητής
696 2769 1021 2857 συνδιαιτητιίς,
1049 2769 1092 2849 ὡς
1115 2773 1221 2859 Δημο-
1262 2801 1265 2808 ·

129 2881 254 2959 σδίυης
270 2915 309 2928 -
323 2877 362 2943 cf.
375 2877 530 2945 orationis
542 2880 592 2959 ἐξ.
610 2877 660 2946 19.
675 2877 725 2943 20.
741 2877 792 2943 33.
803 2870 883 2942 ἄνευ
900 2876 967 2943 τῶν
978 2875 1224 2956 συνδιαιτητῶν

129 3021 169 3033 -
204 2992 237 3046 et
265 2981 403 3047 fortasse
429 2980 526 3045 etiem
556 2979 599 3049 II.
631 2981 700 3046 129.
723 2980 897 3067 ἀπόφασις
919 2980 947 3046 δ
974 2980 1029 3045 ἐπὶ
1050 2978 1225 3059 διαιτητοῦ

128 3081 171 3166 ἣν
186 3087 243 3151 καὶ
265 3083 388 3170 γνῶσιν
409 3085 502 3150 καλεῖ
514 3084 734 3169 Λημοσθένης
749 3123 792 3135 -
807 3084 846 3149 cf.
866 3084 1021 3150 orationis
1042 3087 1070 3165 ἕ.
1086 3083 1136 3148 22.
1151 3083 1225 3166 περὶ

130 3184 194 3271 τὴν
223 3187 347 3274 γνῶσιν
377 3186 436 3266 τῆς
465 3186 614 3268 διαίτης,
642 3187 692 3253 23.
715 3188 773 3266 τῆς
799 3181 946 3274 γνιόσευς
967 3189 1150 3270 γενομένης,
1173 3185 1225 3250 29.

129 3287 177 3380 μὴ
187 3296 363 3379 γενομένης
371 3288 430 3369 τῆς
441 3279 596 3374 γνώσεως,
604 3289 654 3358 30.
662 3287 844 3375 μελλούσης
853 3285 1002 3374 γνώσεως
1013 3282 1226 3374 γενήσεσθαι,

131 3399 182 3464 32.
212 3389 454 3482 ίσγυριζόμευος
478 3396 518 3481 τῇ
536 3387 778 3478 Ἀριστοκλέους
799 3388 916 3477 γνώσει
948 3429 991 3439 -
1012 3412 1096 3477 quae
1115 3399 1227 3457 temen

132 3499 235 3566 uerba
256 3501 354 3563 etiam
376 3496 418 3560 cd
441 3516 485 3561 or.
501 3494 661 3560 XXXVI.
678 3499 725 3578 ἐξ.
743 3496 784 3560 16
806 3504 837 3560 et
853 3496 890 3560 17
914 3493 1075 3580 respicere
1090 3505 1227 3583 possunt

133 3643 171 3656 -
204 3597 267 3682 τίγυ
296 3599 418 3686 γυῶσιυ
450 3591 513 3677 τὴν
541 3604 718 3685 γενομένην
744 3604 779 3663 ἐν
802 3587 989 3684 ἀκροπόλει,
1010 3593 1146 3663 ιἰκοόετε
1167 3595 1228 3675 τῆς

130 3699 276 3794 γνώσεως
300 3705 387 3789 -¹).
429 3701 608 3767 recentiore
638 3711 746 3766 cutem
774 3700 986 3767 memoriast
1008 3698 1164 3766 Benseler
1192 3701 1227 3764 in

205 3879 234 3947 1)
253 3891 290 3930 ne
308 3874 372 3945 quis
385 3871 550 3943 decipietur,
565 3871 691 3927 Pollucis
708 3871 798 3927 uerba
812 3869 859 3926 Vl.
879 3871 937 3928 153.
955 3893 991 3921 =
1009 3867 1083 3924 VIII.
1102 3869 1144 3924 30.
1181 3875 1229 3922 καὶ

135 3965 150 4018 δ
170 3963 354 4032 Δημοσθένης
371 3955 729 4032 καταψευδομαρτυροῦμαι
746 3975 785 4014 sc.
806 3956 879 4031 λε’γει
899 3974 957 4014 non
980 3957 1018 4012 sd
1034 3955 1168 4011 XXXIII.
1187 3958 1231 4012 37.

139 4045 490 4121 καταψευδομαρτυρηθείς
507 4044 657 4101 referenda
674 4049 747 4112 sunt,
766 4047 817 4100 sed
835 4044 873 4099 ad
890 4042 972 4098 XXI.
991 4044 1049 4100 136-
1068 4040 1132 4099 ἀλλ’
1151 4034 1231 4097 οὗτοι

138 4133 176 4189 δι’
189 4137 299 4204 ἔχθραν
312 4131 542 4205 καταψεύδονταί
549 4153 610 4201 μου,
626 4128 1037 4204 καταψευδομαρτυροῦμαι,
1052 4129 1102 4185 ubi
1114 4147 1229 4212 prorsus

138 4224 235 4278 ecdem
252 4220 346 4279 torma
362 4227 413 4277 est.
1152 4206 1154 4220 '
