2700 4658
568 212 779 276 „42„.

268 383 299 458 ο)
321 407 382 449 nec
397 385 569 471 quicquam
583 385 662 448 certi
678 383 718 447 de
732 402 865 448 numero
882 380 1078 445 arbitrorum
1095 380 1217 446 demon·

324 489 420 553 strari
441 488 594 575 potuisse,
619 507 692 550 cum
717 484 903 563 Aristocles,
926 483 959 547 id
982 483 1069 570 quod

358 607 574 656 unsrmouns
586 589 751 677 probatur,
762 585 983 674 syngrapham
990 588 1145 652 amissam
1153 609 1217 652 esse

359 694 614 772 asseuerauisset
636 693 739 778 (18ο).

267 796 301 882 d)
324 806 488 862 auctorem
518 795 631 861 consili
652 794 737 858 illius
759 793 919 878 Eryxiam
940 793 1102 858 medicum
1124 793 1217 857 fuisse

325 900 381 984 (18
391 899 435 986 b).

213 1003 247 1088 3)
271 1024 390 1066 nouam
412 1001 553 1066 diaetam
575 1000 782 1067 constitutam
804 1021 869 1064 non
892 1020 963 1065 esse
985 999 1064 1085 (19).

264 1105 296 1191 a)
320 1106 516 1190 Apaturium
539 1114 571 1168 et
585 1105 833 1169 Parmenontem
855 1124 973 1168 nouam
990 1101 1132 1168 diaetam
1148 1125 1218 1168 con-

322 1209 453 1272 stituere
474 1207 615 1273 uoluisse
638 1206 694 1272 sed
717 1206 758 1271 de
780 1228 914 1270 numero
930 1204 1125 1294 arbitrorum
1140 1208 1217 1271 inter

322 1333 377 1376 eos
399 1309 478 1375 nihil
500 1310 689 1377 conuenisse
712 1309 817 1396 (l9a).

267 1414 300 1501 b)
322 1415 572 1480 Parmenontem
602 1411 757 1478 Aristocli
792 1413 889 1500 plane
925 1411 1150 1496 interdixisse,
1182 1434 1217 1477 ne

322 1516 409 1584 solus
432 1519 501 1582 sine
525 1517 655 1601 collegis
678 1526 896 1600 cognosceret,

387 1637 595 1690 rnsmuomo
618 1617 836 1705 conprobatur
859 1619 969 1706 (lab).

212 1723 246 1809 4)
269 1724 368 1788 nihilo
391 1725 496 1787 minus
520 1723 562 1787 ab
587 1721 747 1786 Aristocle
777 1723 855 1804 solo,
877 1744 950 1786 cum
973 1720 1087 1808 reliqui
1110 1722 1217 1786 arbitri

270 1826 389 1891 iudicio
411 1825 653 1906 abstinuissent
673 1824 923 1890 Parmenontem
945 1824 1133 1890 damnatuni
1154 1847 1217 1888 esse

269 1939 300 1994 et
324 1928 489 1994 absentem
511 1930 640 2017 quidem
663 1929 728 2014 (20.
750 1928 816 2014 21).

127 2030 205 2095 IIII.
218 2052 411 2102 ΠΡθοΕΣΙΣ
431 2035 542 2099 altera.
586 2049 787 2099 PROPOSITIO
809 2032 964 2118 repetitur
986 2040 1018 2096 et
1040 2032 1217 2095 accuratius

214 2133 380 2217 definitur,
406 2145 442 2200 ut
464 2146 573 2201 orator
594 2148 707 2202 contra
730 2135 940 2220 Apaturium,
967 2137 1021 2222 qui
1043 2135 1217 2222 pecuniam

213 2235 256 2299 ad
286 2258 384 2323 quam
414 2238 653 2304 dissoluendum
675 2239 858 2303 Parmenon
888 2238 930 2303 ab
953 2238 1114 2302 Aristocle
1147 2258 1217 2302 con-

213 2339 382 2405 demnatus
420 2349 485 2422 est,
523 2341 564 2406 ab
595 2349 703 2406 actore
733 2342 852 2427 exigit,
887 2364 922 2407 se
950 2338 1217 2428 conprobatumm

212 2442 402 2527 polliceatur
418 2454 559 2510 actorem
573 2445 799 2511 Parmenontis
813 2445 968 2532 praedem
983 2466 1048 2508 non
1060 2465 1132 2507 esse
1146 2444 1217 2530 (22)

149 2543 188 2610 V.
213 2566 420 2622 ΑΠοΔΕιΞιΣ
440 2536 509 2613 siue
532 2568 689 2617 marma
704 2566 966 2634 (conrmnamo).

210 2649 256 2734 A)
278 2668 1083 2736 marraAruxnoaffnonnmornnnrmmmms)
1104 2650 1139 2713 in
1162 2648 1217 2713 hau

214 2755 360 2819 oratione
382 2754 470 2818 nulla
493 2763 548 2818 est.
580 2753 664 2840 quod
679 2754 825 2821 Blassius
838 2757 862 2842 1)
880 2757 900 2820 l.
916 2754 953 2822 cl.
970 2754 1047 2819 dioit
1062 2761 1217 2817 oratorem

214 2854 437 2939 probationem
474 2856 708 2922 inartificialem
742 2881 776 2922 se
811 2860 1012 2945 prolaturum
1051 2879 1120 2920 esse
1150 2877 1217 2942 pro·

212 2959 338 3023 misisse
360 2981 420 3024 nec
442 2967 551 3024 tamen
572 2960 752 3047 protulisse,
780 2984 821 3026 ne
842 2961 904 3027 hoc
926 2960 1056 3049 quidem
1077 2968 1165 3024 recte
1189 2979 1217 3022 se

214 3056 320 3126 habet.
373 3065 489 3128 etenim
511 3064 546 3126 in
566 3064 629 3127 hac
651 3065 796 3129 oratione
818 3065 1003 3130 testimonia
1025 3083 1099 3126 cum
1122 3084 1217 3146 argu·

213 3164 329 3228 mentis
360 3175 393 3229 et
419 3167 520 3250 signis
554 3166 800 3235 confimduntur.
848 3168 950 3233 uerba
980 3165 1117 3232 oratoris
1140 3164 1217 3229 haec

213 3275 287 3329 sunt
309 3267 394 3354 (22);
424 3262 531 3352 ὥσπερ
554 3266 709 3357 προσήκει
722 3267 894 3355 7τοιαύτην
916 3271 1031 3334 αἰτίαν
1053 3263 1217 3332 ἀπολύσα-

213 3370 311 3451 σθαι,
333 3369 503 3454 πρῶτον
523 3369 626 3455 ύμῖν
645 3369 857 3459 μάρτυρας
880 3361 1217 3457 παρασχήσομαι,

212 3467 255 3545 ὡς
266 3471 326 3536 οὐκ
340 3465 558 3559 ἠγγυησάμην
573 3467 634 3559 ἐγὼ
647 3469 709 3540 τὸν
716 3466 941 3563 Παρμένοντα
953 3469 1024 3537 ἀλλ’
1038 3465 1217 3556 ’Ἄρχιππος

128 3657 336 3666 -—..—........

385 3734 388 3741 ι
689 3713 693 3741 Ι

198 3765 223 3827 1)
241 3781 307 3834 pag.
320 3764 372 3819 512
390 3771 447 3820 not.
461 3768 488 3821 2:
508 3766 554 3821 fur
574 3765 619 3820 die
637 3765 804 3839 biirgschalt
822 3765 871 3818 des
882 3763 1044 3835 Archippus
1062 3767 1217 3834 verspricht

128 3867 158 3904 er
176 3845 244 3920 §⁴22
263 3851 318 3904 den
335 3853 556 3923 aeugenbeweis,
576 3853 648 3906 doch
666 3849 756 3905 findet
773 3851 833 3905 sich
853 3851 982 3904 derselbe
1000 3850 1088 3918 nicht,
1107 3860 1137 3906 et
1155 3871 1217 3924 pag¹

125 3937 191 3992 513:
217 3937 268 3990 der
292 3937 493 3994 unkiinstliche
512 3939 613 3994 beweis
633 3939 719 3992 dafiir
740 3937 926 4008 [Archippum
950 3953 1007 3991 non
1025 3943 1152 3992 actorem
1170 3959 1217 4011 pr(

124 4023 314 4078 Parmenonis
331 4025 524 4097 spopondisse]
550 4025 639 4080 durch
656 4042 765 4097 zeugen
782 4022 852 4078 wird
875 4023 1036 4078 verheissen
1055 4024 1124 4077 aber
1142 4026 1217 4081 nicht

124 4109 267 4181 gegeben3
295 4111 345 4176 der
369 4111 502 4183 sprecher
525 4111 596 4183 geht
617 4111 701 4166 resch
733 4129 768 4166 zu
796 4111 849 4165 deu
872 4108 1055 4165 kiiustlichen
1080 4110 1217 4168 beweisen

124 4194 282 4267 (τεκμήρια)
301 4197 378 4256 iiber.
