2700 4658
601 227 862 318 '-ee-

208 421 299 489 linito
314 431 510 496 ooneessere
525 429 562 488 ut
575 421 730 509 Byzantii
749 423 843 488 liberi
858 422 1012 508 esseut1),
1034 432 1121 488 eerte
1140 443 1244 508 usque
1259 423 1301 487 ad

209 546 330 591 annum
351 526 425 608 351,
450 547 515 612 quo
536 548 622 592 anno
644 526 799 612 Byzantii
819 548 893 591 eum
914 525 1064 613 Philippo
1087 525 1302 591 Macedonum

209 647 286 712 rege
315 627 430 694 foedus
458 628 620 712 fecerunt,
656 631 882 695 commercium
914 631 999 695 inter
1027 629 1242 694 Athenienses
1271 637 1303 694 et

209 731 389 817 Byzantios
412 731 512 798 luisse
533 754 600 798 non
622 741 671 798 est
693 732 780 819 quod
800 755 965 818 negemus.
1008 731 1060 797 his
1086 732 1187 816 igitur
1209 733 1302 798 annis

210 843 351 902 autorem
366 833 509 921 Byzanti
531 844 697 900 uersatum
718 837 876 902 existimo.
920 844 1018 922 atque
1037 837 1085 902 ita
1104 835 1177 899 lieri
1190 834 1302 923 potuit,

208 949 244 1005 ut
273 938 377 1004 oratio
407 960 493 1003 anno
515 937 579 1003 339
600 936 790 1023 haberetur,
820 939 855 1005 id
877 939 963 1026 qnod
987 937 1088 1004 multo
1109 936 1240 1024 planius
1262 959 1302 1002 ex

206 1040 319 1106 tabula
340 1041 404 1106 hae
424 1040 608 1127 intelleges:

293 1167 321 1210 a.
345 1146 516 1211 aee-351-
539 1153 630 1211 aetor
650 1146 794 1232 Byzanti
812 1154 971 1214 uersatur.

289 1271 321 1315 a
344 1247 409 1314 345
429 1247 517 1314 idem
538 1250 695 1334 nauigare
716 1248 850 1315 desistit

293 1375 324 1416 a.
346 1352 518 1418 344-339
539 1350 626 1416 idem
648 1353 802 1440 pecunias
823 1351 961 1417 Athenis
983 1350 1179 1417 foeneratur.
1284 1406 1286 1410 .

293 1476 323 1520 a.
344 1455 409 1521 343
431 1455 618 1537 argentaria
638 1454 833 1520 Heraclidae
853 1455 956 1524 floret.

293 1581 321 1624 a.
344 1558 406 1624 341
430 1566 555 1624 aestate
588 1558 767 1644 Apaturius
778 1559 961 1625 Parmenon
973 1557 1144 1624 Phoeritus
1154 1557 1301 1623 Athenas

627 1662 770 1727 ueniunt.

587 1765 677 1852 prior
698 1771 881 1830 eontraotus
902 1763 939 1827 tit
953 1763 1037 1829 inter
1057 1763 1256 1850 Apaturium
1268 1771 1300 1829 et

628 1875 781 1934 autorem.
1272 1917 1274 1921 .

590 1969 785 2035 Heraclidae
806 1969 992 2054 argentaria
1014 1967 1209 2037 dissoluitur.

590 2074 686 2139 nauis
706 2073 847 2160 Apaturi
866 2073 963 2138 uenit.
1005 2071 1135 2156 litigant
1160 2074 1245 2138 inter
1257 2094 1302 2138 se

625 2177 805 2262 Apaturius
827 2185 859 2240 et
881 2174 1076 2243 Parmenon.

589 2277 773 2345 Parmenon
795 2278 925 2344 domum
948 2278 1026 2344 abit.

436 2381 529 2447 initio
551 2379 667 2447 hiemis
681 2381 859 2449 Aristocles
879 2379 921 2446 de
934 2380 1160 2447 Parmenontia
1183 2403 1299 2447 oanssa

589 2485 766 2570 cognoscit

313 2643 316 2646 .
436 2587 495 2653 sub
516 2589 615 2655 finem
635 2588 751 2652 hiemis
772 2586 952 2672 Apaturius
972 2595 1117 2653 autorem
1138 2586 1181 2652 de
1202 2608 1295 2673 spon·

589 2693 680 2757 aiom
700 2713 766 2756 non
785 2688 936 2776 postulat.

291 2815 319 2859 a.
341 2791 406 2857 340
428 2791 535 2858 hieme
556 2794 735 2881 Apaturius
756 2802 899 2858 actorem
918 2814 984 2859 non
1006 2800 1148 2858 accusat

289 2918 318 2961 a.
340 2894 403 2961 339
425 2893 541 2962 hiemis
568 2897 661 2962 initio
682 2895 864 2982 Apaturius
891 2902 1036 2963 autorem
1061 2893 1102 2959 de
1124 2885 1293 2981 sponsione

585 2999 737 3085 postulat
781 3007 872 3064 aeter
893 2998 1021 3084 exeipit

292 3121 405 3166 uerum
428 3100 513 3166 hane
537 3103 696 3167 rationem
719 3122 785 3166 non
805 3100 912 3185 magis
933 3099 1117 3166 absolutam
1139 3110 1172 3165 et
1193 3100 1291 3188 perte·

207 3211 293 3269 etam
321 3223 394 3268 esse
418 3225 518 3289 quam
540 3202 706 3289 Sohaeteri
726 3202 859 3269 infitiari
878 3225 945 3272 non
966 3225 1064 3291 queor
1093 3211 1221 3269 mutum
1243 3203 1292 3269 de·

203 3313 384 3371 monstrare
406 3305 504 3390 uolui,
525 3330 591 3373 non
612 3316 700 3374 reete
716 3305 925 3373 Sehaeferum
947 3317 1024 3374 ante
1043 3316 1191 3394 tempora
1205 3303 1291 3392 regni

200 3407 380 3495 &mandri
401 3410 579 3477 orationem
601 3409 746 3476 habitam
768 3431 841 3476 esse
862 3410 959 3497 plane
980 3412 1166 3496 negauisse.

200 3547 410 3558 mm

273 3613 302 3682 1)
319 3613 354 3681 ot.
374 3609 487 3669 sesses.
504 3610 527 3668 Ι.
544 3627 609 3682 pag.
630 3612 681 3667 168
696 3627 793 3680 prosa
