2700 4658
646 226 856 289 ..42„„

346 397 377 470 ο)
400 420 460 462 nee
475 399 647 484 quicquam
660 398 740 462 certi
755 397 796 461 de
811 417 943 461 numero
960 395 1154 459 arbitrorum
1171 395 1296 460 demon·

402 503 498 565 strari
519 501 672 588 potuisse,
696 521 769 564 eum
793 498 981 577 Aristocles,
1003 498 1037 561 id
1059 499 1147 584 quod

436 621 652 669 Tusrfflouns
663 603 829 691 probatur,
839 599 1221 688 syngraphamamissam
1229 624 1297 666 esse

436 707 691 786 asseuerauisset
713 707 768 791 (18
776 706 817 791 α).

345 809 379 896 d)
402 820 566 875 auctorem
596 809 709 874 consili
730 808 815 872 illius
837 807 997 892 Eryxiam
1018 807 1179 872 medicum
1200 808 1298 872 fuisse

403 913 512 998 (18b).

291 1016 325 1101 3)
348 1037 467 1080 nouam
488 1015 631 1080 diaetam
652 1013 859 1080 constitutam
881 1035 946 1078 non
969 1033 1041 1079 esse
1063 1015 1141 1100 (19).

341 1120 374 1205 a)
397 1120 594 1205 Apaturium
616 1129 649 1182 et
662 1118 911 1183 Parmenontem
933 1138 1051 1181 nouam
1068 1116 1209 1182 diaetam
1225 1140 1296 1182 con-

400 1223 531 1286 stituere
552 1221 693 1286 uoluisse
716 1219 773 1285 sed
795 1221 836 1285 de
857 1242 992 1284 numero
1008 1219 1202 1286 arbitrorum
1218 1222 1299 1285 inter

399 1346 455 1390 eos
476 1323 556 1388 nihil
577 1324 767 1391 conuenisse
788 1323 894 1409 (19α).

344 1429 378 1515 b)
400 1429 648 1493 Parmenontcm
679 1426 835 1492 Aristocli
869 1427 966 1514 plane
1002 1426 1226 1510 interdixisse,
1258 1449 1298 1492 ne

399 1531 487 1597 solus
509 1532 579 1596 sine
602 1531 733 1615 collegis
755 1540 974 1614 cognosceret,

464 1651 672 1703 TESTIMONIO
695 1632 914 1720 conprobatur
936 1633 1047 1719 (l9b).

288 1739 323 1824 4)
346 1737 445 1802 nihilo
468 1739 574 1801 minus
598 1737 639 1802 ab
664 1735 824 1801 Aristoole
854 1736 932 1817 solo,
954 1758 1027 1800 cum
1049 1735 1165 1822 reliqui
1187 1736 1298 1800 arbitri

347 1841 466 1905 iudicio
488 1840 730 1920 abstinuissent,
750 1839 999 1903 Parmenontem
1022 1838 1210 1903 damnatum
1231 1860 1299 1903 esse

346 1954 377 2009 et
400 1943 565 2009 absentem
588 1944 718 2031 quidem
740 1943 804 2029 (20.
827 1943 893 2028 21).

202 2045 282 2111 IIII.
295 2068 489 2117 ΠΡοοΕΣῙΣ
508 2049 635 2118 altera„
663 2063 864 2113 PROPOSITIO
886 2046 1041 2130 repetitur
1063 2055 1095 2109 et
1117 2046 1297 2110 accuratius

291 2149 457 2231 definitur,
483 2161 519 2214 ut
540 2160 650 2216 orator
671 2162 784 2215 eontra
806 2149 1017 2235 Apaturium,
1043 2150 1098 2235 qui
1120 2151 1299 2236 pecuniam,

290 2251 332 2314 ad
362 2274 460 2338 quam
490 2253 730 2319 dissoluendum
751 2253 936 2317 Parmenon
965 2251 1007 2316 ab
1029 2251 1192 2318 Aristoole
1224 2274 1295 2317 oon-

289 2355 459 2420 demnatus
496 2364 562 2436 est,
599 2356 641 2421 ab
672 2364 780 2420 actore
809 2356 929 2441 exigit,
964 2378 998 2420 se
1027 2353 1297 2442 conprobatumm

289 2458 478 2544 polliceatur
494 2469 634 2524 actorem
649 2459 876 2526 Parmenontis
890 2459 1045 2547 praedem
1060 2481 1126 2523 non
1138 2481 1209 2523 esse
1223 2459 1297 2544 (22).

225 2558 265 2625 V.
289 2581 497 2636 arroasiam
517 2563 586 2627 siue
608 2583 766 2631 naarai}
781 2580 1043 2649 (consummo).

287 2664 333 2748 A)
355 2683 877 2751 marmArsxrvoaffaosnrro
890 2683 1161 2749 msurmrcmms)
1182 2666 1218 2729 in
1238 2663 1298 2728 hac

291 2770 437 2833 oratione
459 2769 547 2833 nulla
570 2778 625 2834 est.
656 2769 741 2855 quod
756 2769 902 2834 Blassius
915 2771 939 2856 ¹)
958 2770 976 2833 l.
993 2769 1030 2836 oh
1047 2768 1125 2833 dicit
1140 2777 1296 2831 oratorem

291 2870 514 2954 probationem
550 2871 785 2937 inartificialem
818 2895 853 2937 se
888 2874 1089 2960 prolaturum
1128 2893 1198 2934 esse
1228 2892 1296 2957 pro·

288 2974 415 3038 misisse
436 2997 497 3040 nec
519 2983 628 3039 tamen
649 2976 829 3062 protulisse,
857 2999 898 3041 ne
920 2975 981 3041 hoo
1003 2973 1133 3061 quidem
1154 2983 1242 3037 recte
1265 2993 1297 3036 se

290 3071 397 3140 habet
450 3080 566 3143 etenim
588 3079 623 3142 in
643 3079 705 3142 hac
728 3080 873 3144 oratione
895 3078 1080 3144 testimonia
1101 3098 1176 3141 cum
1199 3098 1295 3160 argu·

289 3179 406 3243 mentis
437 3191 470 3244 et
496 3182 597 3265 signis
630 3182 877 3249 confunduntur.
925 3181 1027 3247 uerba
1057 3181 1195 3246 oratoris
1218 3179 1296 3243 haeo

289 3291 364 3344 sunt
386 3282 471 3368 (22):
501 3278 608 3367 ὥσπερ
631 3281 786 3372 προσήκει
809 3281 971 3363 τοιαύτην
993 3286 1108 3348 αἰτίαν
1130 3277 1295 3347 ἀπολύσα-

290 3385 387 3465 σθαι,
409 3384 579 3468 πρῶτον
600 3384 702 3469 ύμῖν
722 3384 934 3472 μάρτυρας
957 3376 1295 3472 παρασχήσομαι,

288 3482 332 3559 ὡς
343 3485 402 3551 οὐκ
417 3479 635 3573 ἠγγυησάμην
649 3481 711 3574 ἐγὼ
723 3484 785 3556 τὸν
792 3481 1018 3578 Παρμένοντα
1029 3483 1101 3552 ἀλλ’
1114 3481 1296 3573 Ἄρχιππος

462 3749 465 3755 ,
766 3727 770 3756 Ι

274 3781 300 3841 1)
318 3795 384 3849 pag.
397 3779 448 3834 512
466 3786 525 3834 not.
538 3783 565 3835 2:
585 3781 631 3836 fiir
650 3780 695 3834 die
713 3780 881 3852 biirgsohaft
898 3781 948 3834 des
959 3779 1120 3851 Archippos'
1139 3781 1294 3850 versprieht

204 3881 234 3917 er
252 3859 320 3934 §⁴22
339 3865 394 3919 den
412 3867 633 3936 aeugenheweis,
653 3867 724 3921 doch
742 3864 832 3921 findet
850 3859 910 3920 sich
930 3867 1058 3920 derselbe
1076 3867 1166 3935 nicht,
1185 3876 1214 3923 et
1231 3885 1292 3939 pag.

202 3952 267 4007 513:
293 3951 344 4005 der
369 3951 570 4008 unhiinstliche
588 3954 690 4008 beweis
709 3954 795 4008 dafiir
817 3953 1002 4024 [Archippum
1026 3969 1084 4007 non
1102 3961 1227 4010 actorem
1245 3971 1292 4026 pro

200 4037 390 4092 Parmenonte
407 4040 601 4111 spopondisse]
627 4039 717 4095 durch
733 4058 841 4112 zeugen
859 4037 928 4094 wird
951 4039 1113 4095 verheissen
1132 4040 1201 4094 aher
1219 4041 1292 4096 nicht

200 4123 343 4195 gegeben3
371 4125 422 4190 der
445 4125 579 4196 spreoher
603 4127 673 4196 geht
694 4126 779 4180 rasoh
809 4145 844 4181 zu
872 4127 926 4180 den
949 4125 1132 4181 kiinstlichen
1156 4127 1291 4183 beweisen

200 4208 359 4281 (τεκμήρια)
377 4210 455 4268 iiber.
