2700 4658
586 212 798 276 -70-

148 393 254 452 aetate
281 382 362 466 πρὶν
383 377 405 462 ἥ
428 382 595 449 dicebatur
618 385 688 448 siue
708 405 774 448 non
797 382 980 462 dicebatur,
1002 381 1083 446 nihil
1106 381 1246 446 adiuua-

146 509 219 553 mur
239 489 273 553 in
295 509 335 552 ea
357 509 453 574 quam
476 509 536 552 nos
557 486 651 553 nobis
678 488 902 575 proposuimus
925 487 1114 571 quaestione
1137 483 1247 551 diudi-

148 591 268 674 canda‚
299 611 376 654 num
404 589 632 656 Demosthenis
666 593 707 655 sit
740 591 842 656 oratio
869 589 1032 654 XXXIII.
1060 609 1138 653 nam
1169 588 1247 672 quis
1294 659 1297 665 ,

147 693 279 761 tandem
299 692 473 781 spondebit
493 694 516 773 ιλ
537 692 579 758 ab
602 694 756 759 orationis
782 695 937 779 scriptore
959 693 1139 780 profectum
1162 712 1247 770 esse,

146 818 220 862 cum
242 795 481 882 Thucydidis
472 819 506 861 rn
532 789 671 863 libris''
650 806 768 883 apost
793 798 873 882 τισίν
895 796 937 860 ab
958 795 1110 861 librariis
1120 803 1246 860 temere

150 900 294 966 additum
318 920 388 965 esee
411 899 617 966 nouerimus?

231 1007 259 1086 ξ.
284 1004 333 1069 38,
361 1004 474 1070 ἄνευ
484 1003 543 1084 τιλς
571 998 693 1069 τούτου
714 999 844 1088 γνώμης
867 954 1084 1067 ἀπολώλασιν
1107 1003 1143 1064 αἱ
1167 1015 1245 1066 σνν-

146 1105 272 1186 otmar:
295 1101 441 1174 uerba
419 1130 497 1174 ανεν
517 1106 576 1187 τῆς
600 1101 720 1171 τούτου
741 1102 907 1190 γνώμης(
896 1105 1012 1189 (inuito
1034 1105 1110 1188 isto)
1137 1103 1245 1169 simile

51 1214 54 1220 '
147 1208 234 1296 quid,
256 1212 342 1296 quod
365 1213 474 1293 sciam,
497 1232 560 1275 non
582 1209 753 1295 habent²):
803 1229 887 1295 quae
909 1208 956 1272 eis
978 1208 1143 1273 contraria
1166 1215 1247 1273 sunt

144 1315 230 1396 μετὰ
259 1312 319 1389 asir
349 1305 480 1399 γρώμης
509 1309 603 1388 τινὸς
634 1321 708 1378 sunt
729 1311 985 1398 [Dem.],XXV.
1010 1312 1051 1376 10
1072 1301 1159 1395 perd
1182 1307 1245 1387 τῆς

146 1411 305 1499 ὑμετέρας
327 1408 460 1500 γνώμης
483 1404 577 1485 οὗτοι
601 1413 711 1480 ταῦτα
733 1414 900 1497 ποιοῦσιν,
930 1425 963 1479 et
980 1415 1062 1481 lsae.
1083 1413 1126 1479 II.
1149 1415 1169 1478 8
1193 1416 1244 1476 ἑκ-

146 1513 264 1582 ὃοῦναι
286 1511 378 1603 ἄλλῳ
402 1511 512 1597 αώτιλν
531 1513 617 1602 μετὰ
640 1517 699 1595 τῆς
721 1513 853 1601 γνώμης
875 1516 935 1595 τῆς
959 1515 1088 1583 ἑαυτοῦ.

231 1688 324 1755 Haec
362 1690 402 1754 de
444 1690 553 1756 uerbis
589 1689 825 1776 uerborumque
841 1759 842 1763 ,
858 1698 1019 1754 structura
1052 1687 1246 1775 exposuisse

147 1791 226 1857 satis
249 1791 360 1858 habeo.
411 1793 508 1856 etiam
532 1794 559 1857 si
581 1792 821 1857 concedendum
845 1801 979 1857 estnon
1002 1790 1106 1859 nullas
1130 1812 1244 1857 earum

145 1912 263 1980 rerum¹
286 1915 367 1980 quas
389 1897 510 1980 notaui,
532 1896 668 1961 leuiores
691 1917 771 1976 esse,
793 1905 901 1965 tamen
924 1903 956 1960 et
977 1895 1129 1960 articulus
1145 1893 1245 1958 nimie

147 2013 245 2081 saepe
266 1998 452 2076 nominibus
474 1999 613 2087 propriis
636 1998 774 2077 additus,
797 2010 829 2062 et
851 2019 898 2078 ea,
922 2019 1004 2084 quae
1027 2003 1076 2083 ἐξ.
1097 1995 1246 2064 4.5.13.

147 2096 197 2165 17.
219 2099 271 2165 21.
294 2100 345 2166 29.
369 2103 419 2168 30.
443 2104 485 2167 33
509 2104 628 2188 scripta
652 2112 734 2187 sunt,
757 2101 1020 2167 aDemosthenis
1042 2122 1160 2189 genere
1176 2108 1247 2163 tam

146 2198 254 2266 aliena
282 2202 362 2268 mihi
389 2204 540 2271 uidentur
563 2214 713 2288 esseut
677 2204 786 2269 utuel
808 2212 904 2290 propt
905 2226 940 2269 er
891 2204 1042 2269 thaec
1064 2204 1247 2269 orationem

147 2301 301 2369 XXXIII
325 2304 380 2370 alii
412 2309 599 2394 scriptorit
586 2306 789 2395 tribuendam
813 2329 884 2395 esee
906 2329 1065 2373 censeam.
1116 2304 1173 2381 sed
1195 2330 1247 2373 re-

146 2393 234 2495 lique
261 2430 387 2496 quoque
418 2411 595 2476 uideamus
648 2420 704 2475 ant
706 2433 744 2474 ea
773 2390 882 2474 autem
912 2433 1007 2498 quam
1038 2411 1081 2476 ad
1109 2409 1155 2476 alt
1143 2421 1248 2475 teram

148 2509 195 2579 de·
215 2508 393 2580 elocutione
423 2514 617 2601 particulam
657 2524 837 2595 transeam,
875 2515 983 2579 facere
1013 2537 1078 2580 non
1112 2534 1248 2600 possum

147 2615 225 2700 quin
252 2637 401 2701 moneam
433 2619 548 2683 miram
583 2617 746 2705 quandem
778 2615 1017 2682 similitudinem
1047 2616 1251 2685 intercedere

146 2719 229 2786 inter
267 2728 397 2787 nostrae
427 2722 580 2787 orationis
611 2719 851 2808 paragraphum
881 2720 922 2784 36
953 2730 985 2784 et
1014 2721 1248 2789 Demosthenis

133 2822 300 2886 orationis
323 2822 483 2889 XXVIII.
506 2822 747 2908 paragraphum
770 2822 807 2887 5:
931 2809 933 2815 ¹
1080 2817 1082 2822 ’

147 2923 341 3011 [XXXIII]
365 2925 415 2991 36.
439 2918 668 2991 τούτονλνεκα
696 2934 699 2984 l
728 2925 888 2989 XXVIII.
911 2927 940 2989 5.
974 2921 1045 2992 ἀλλ’
1073 2928 1172 3015 ἐχρῆν
1201 2982 1209 2996 .
1245 2982 1251 2994 .

147 3021 443 3113 σημηνάμενοι
510 3029 667 3099 τίθενται
696 2997 699 3056 l
728 3081 736 3097 .
764 3020 1018 3104 εἰσκαλέσαντας
1075 3015 1252 3115 μα’ῥτνρας

147 3133 225 3219 παρ’
248 3127 296 3205 οἷς
319 3122 362 3196 ἂν
376 3123 606 3210 πιστεύσωσιν,
622 3133 665 3196 ἵν’
727 3125 871 3206 πολλοὺς
934 3129 1250 3225 παρασημήνα-

147 3229 225 3299 tois
253 3257 291 3298 τι
322 3229 619 3318 ἀντιλέγωσιν,
644 3260 663 3324 η
729 3237 836 3299 σθαι
867 3233 1014 3300 κελεῦσαι
1036 3230 1095 3312 τώς
1125 3234 1251 3327 διαθή-

148 3332 315 3413 αὐτοῖς
358 3336 667 3402 ἐπανελθοῦσιν
728 3362 805 3419 κας,
835 3342 882 3402 ἵν’
915 3336 951 3400 ελ
987 3363 1026 3402 τι
1057 3341 1252 3424 ἐγίγνετο

149 3442 217 3506 ἐπὶ
253 3437 306 3504 τὰ
343 3431 581 3524 γράμματα
619 3446 666 3505 ἐν
729 3434 1253 3562 ἆμφισβγλτνλσιμον,ἧνελς

150 3538 668 3628 τεῡθεντὸνέλεγγονποιή-
730 3537 780 3608 rol
825 3539 1061 3628 γράμματα
1111 3545 1255 3609 ταῦτα

149 3649 317 3712 σασθαι
340 3647 429 3728 περὶ
453 3646 524 3710 τοῦ
545 3641 669 3733 ἀμφι·
730 3639 1254 3726 ἐπανελθεῖνκαὶτηνάλώ-

150 3749 458 3834 σβητονμὲνον.
645 3809 648 3820 ,
729 3745 1231 3835 θειανπαντωνεὺρεῖν.

152 3872 250 3937 quam
274 3851 315 3918 ob
338 3874 405 3916 rem
428 3850 513 3915 hanc
529 3843 705 3916 orationem
720 3874 793 3916 cum
809 3852 1037 3918 Demosthenis
1052 3853 1255 3918 orationibus

153 3953 347 4048 tutelaribus
380 3953 625 4038 diligentissime
655 3954 794 4038 contuli,
826 3954 883 4020 sed
912 3957 974 4019 nisi
1002 3953 1129 4040 singula
1151 3955 1256 4021 uerba
1311 4015 1315 4029 ,

223 4107 250 4175 1)
269 4107 409 4162 diuersum
428 4115 484 4176 est,
509 4109 584 4176 quod
608 4113 651 4163 est
669 4107 799 4178 Sophocl.
820 4109 852 4164 0.
877 4107 909 4164 0.
928 4109 980 4165 664
1004 4111 1088 4162 κᾶνευ
1112 4108 1162 4174 τῆε
1186 4113 1254 4175 ἐμῆς

148 4189 269 4266 γνώμης.
1008 4194 1009 4198 ’
