2700 4658
570 156 759 219 ,8,

124 325 288 392 creditoris
316 324 387 391 loco
415 326 523 412 ipsum
551 325 678 391 iliarum
707 326 803 391 trium
834 327 994 391 minarum
1027 324 1218 394 creditorem

124 427 212 510 fieri‘,
243 428 299 494 sed
321 449 389 514 ,pro
411 427 476 492 alia
497 430 635 514 pecunia
655 429 707 494 III
729 429 833 494 minas
855 431 1071 516 promittere‘:
1101 427 1218 516 ὁμολο-

125 531 262 617 γεῖσθαι
292 531 376 596 enim
404 530 612 618 ‚promittere‘
642 532 810 618 significat.
868 534 934 598 iam
963 554 1047 620 quae
1076 554 1152 597 mea
1180 532 1220 612 sit

127 634 286 700 sententia
317 634 430 723 paucis
466 632 658 722 conplectar.
713 656 832 721 magna
866 659 908 701 ex
944 644 1037 722 parte
1071 634 1218 722 equidem

127 737 286 802 assentior
310 735 349 802 H.
373 737 506 821 Wolfio,
537 739 592 825 qui
612 760 643 805 u.
667 737 696 804 d.
724 760 762 803 ea
785 739 825 804 de
847 738 966 826 quibus
988 741 1097 825 agitur
1119 738 1220 804 uerba

127 841 162 904 in
189 838 397 905 adnotatione
426 839 468 905 ad
491 840 521 906 h.
544 839 566 909 Ι.
588 843 634 905 sic
656 842 766 907 uertit:
799 865 881 926 ,cum
904 843 990 930 apud
1012 842 1103 908 illum
1127 841 1219 928 (Par-

126 946 324 1023 menontem)
340 943 506 1009 confessus
521 965 624 1009 essem
639 953 739 1010 meet
760 953 825 1010 tres
844 945 916 1011 illas
938 946 1043 1010 minas
1058 943 1220 1032 Apaturio

129 1044 222 1109 datas
238 1046 419 1131 accepisset
463 1045 525 1113 hac
539 1049 623 1112 enim
645 1070 711 1112 una
731 1049 816 1113 inre
838 1049 959 1114 errauit
973 1047 1120 1128 wolfius,
1136 1046 1222 1134 quod

129 1141 213 1231 ιιράς
235 1147 357 1213 τοῦτον
377 1149 479 1215 uerba
502 1150 544 1216 ad
567 1142 931 1237 ἀνθομολογησάμενος
953 1151 1074 1217 rettulit
1097 1159 1129 1217 et
1150 1172 1221 1237 pru

128 1250 257 1317 nomine
278 1251 341 1317 isto
364 1252 485 1320 τοῦτον
500 1253 759 1338 Parmenontem,
780 1255 984 1342 quiquidem
1006 1261 1126 1330 ἐκεῖνος
1148 1256 1230 1342 pro?

128 1353 257 1420 nominc
270 1354 440 1437 indicatur,
457 1357 632 1443 significari
646 1356 758 1425 uoluit.
793 1358 878 1444 quod
893 1360 1007 1423 uitium
1022 1369 1059 1423 ut
1073 1360 1221 1437 uitemus,

128 1478 187 1524 nos
218 1458 477 1545 interpunctione
505 1469 578 1548 post
610 1454 974 1546 ἀνθομολογησάμενος
1002 1463 1110 1550 posita
1139 1454 1222 1544 πρὸς
1250 1462 1252 1466 ’

130 1558 251 1625 τοῦτον
280 1560 441 1626 uocabula
470 1561 512 1626 ad
541 1557 630 1642 ὠνὴν
658 1561 818 1646 ποιοῦμαι
851 1562 1019 1628 referimus
1048 1562 1221 1650 uerbaque,

96 1720 99 1726 .
130 1683 214 1749 quas
236 1683 334 1748 supra
349 1665 584 1752 proposuimus,
608 1665 654 1730 sic
675 1664 843 1742 uertimus:
864 1688 949 1749 ,cunr
972 1677 1095 1756 septem
1117 1661 1222 1732 minas

131 1765 329 1852 accepissem
351 1775 383 1831 et
405 1777 470 1833 tres
492 1767 578 1850 illas,
609 1789 691 1855 quas
719 1769 784 1833 iam
815 1778 912 1834 antea
936 1771 998 1836 iste
1019 1771 1222 1860 (Apaturius)

131 1868 250 1935 abillo
272 1870 515 1958 (Parmenonte)
540 1881 715 1959 acceperat,
731 1872 963 1960 (Parmenonti)
985 1877 1179 1963 recepissem
1191 1875 1223 1962 ¹),

131 1971 288 2036 aduersus
317 1973 413 2037 istum
443 1972 663 2061 (Apaturium)
693 1976 887 2064 emptionem
915 1977 1010 2042 nauis
1031 1977 1116 2043 facio
1140 1978 1172 2063 (i.
1195 2000 1220 2044 a.

128 2075 169 2140 ab
192 2077 255 2141 isto
277 2097 394 2141 nauem
417 2077 519 2162 emo)‘.

213 2177 432 2266 syngrapham
454 2179 516 2246 hoc
547 2179 587 2244 de
617 2180 746 2264 negotio
776 2181 976 2266 conpositam
1004 2202 1076 2247 esse
1098 2180 1219 2247 intelle·

131 2281 219 2366 gitur
233 2302 274 2345 ex
288 2279 494 2367 paragrapho
511 2281 710 2364 duodecima,
726 2282 782 2348 ubi
796 2283 878 2348 haec
893 2292 978 2348 sunt:
1004 2277 1065 2360 σάς
1081 2305 1219 2370 συγγρα-

131 2377 199 2472 φάς
222 2378 439 2469 ἀνειλόμεθα,
461 2379 546 2448 καθ’
573 2378 814 2464 desideriosis
835 2378 881 2452 sd
900 2382 1066 2472 χρήματα.
1109 2409 1221 2452 uerum

130 2487 215 2574 quod
231 2485 467 2573 syngraphae
489 2485 635 2552 hocloco
650 2490 872 2572 nominantur,
896 2489 936 2553 de
962 2489 1125 2556 duabus
1149 2513 1222 2578 syn·

129 2591 261 2677 graphia
273 2590 480 2675 cogitandum
496 2589 623 2656 uidetur
638 2613 718 2671 esse,
730 2613 865 2677 quarum
881 2591 1016 2657 alteram
1027 2593 1220 2680 Apaturium

132 2703 165 2758 et
175 2692 370 2758 Heracliden
386 2695 613 2777 argentarium,
629 2695 685 2781 qui
699 2694 802 2759 XXX
816 2696 920 2759 minas
935 2704 1064 2760 mutuas
1081 2696 1223 2777 dederat,

131 2795 265 2860 alteram
294 2794 486 2883 Apaturium
509 2804 541 2861 et
567 2806 707 2862 actorem
737 2791 943 2884 conposuisse
973 2800 1222 2866 existimandum

131 2907 188 2963 est.
234 2898 273 2963 de
296 2899 392 2964 tertia
414 2899 555 2985 quadam
577 2899 773 2987 syngrapha,
803 2922 868 2986 qua
889 2901 1069 2988 Apaturius
1091 2903 1220 2969 Parme·

133 3003 225 3067 nonti
247 3002 281 3066 X
305 3024 339 3067 se
365 3002 470 3066 minas
493 3001 610 3067 debere
640 3003 806 3068 confessus
836 3005 894 3088 sit,
926 3005 1136 3090 cogitandum
1158 3029 1222 3072 non

132 3113 194 3170 est:
229 3127 304 3169 nam
326 3104 526 3187 Parmenon,
555 3113 591 3169 ut
620 3114 716 3170 antea
742 3106 898 3188 uidimus,
929 3109 999 3193 ipse
1021 3119 1221 3176 contractum

132 3230 203 3273 cum
226 3207 385 3296 Apaturio
408 3205 564 3271 conficere
585 3207 697 3274 noluit.

216 3317 407 3395 argumenta
422 3309 681 3396 syngrapharum
703 3333 785 3397 quae
805 3311 924 3379 fuerint
945 3335 1040 3398 nunc,
1063 3316 1091 3380 si
1105 3315 1221 3404 placet,

200 3553 228 3622 1)
247 3549 574 3622 ἀνθομολογησάμενος
591 3551 640 3607 τὰς
651 3557 724 3623 τρεῖς
736 3557 821 3620 poue:
835 3557 922 3619 actor,
936 3569 998 3607 eum
1010 3558 1118 3625 septem
1131 3557 1220 3611 minas

130 3638 253 3710 reliquas
272 3654 289 3692 a
306 3639 493 3692 Parmenonte
512 3636 668 3708 acciperet,
691 3643 817 3693 contra
836 3638 865 3692 in
883 3650 922 3701 [se
940 3641 1045 3711 recepit
1063 3641 1113 3696 tris
1129 3644 1219 3698 minas

129 3724 270 3796 Apaturio
287 3724 345 3778 iam
364 3724 453 3781 datas.
488 3726 538 3779 sed
556 3739 625 3779 uero
649 3723 726 3778 haud
744 3723 802 3778 scio
825 3740 862 3778 an
884 3741 935 3795 pro
959 3726 1218 3800 ἀνθομολογησά-

129 3831 214 3880 μενος
231 3809 365 3865 substitui
380 3814 505 3880 praestet
523 3809 836 3882 ἀνομολογησοίμινοι,
855 3810 943 3867 ueluti
961 3813 990 3866 in
1009 3828 1127 3883 papyro,
1146 3830 1218 3885 quae

130 3915 148 3951 a
166 3898 333 3954 Caillemero
351 3897 381 3951 in
398 3895 472 3963 libri,
491 3896 540 3968 qui
557 3894 719 3951 inscribitur
737 3897 834 3953 eudes
852 3915 900 3951 sur
921 3897 963 3953 les
981 3898 1134 3969 antiquitis
1148 3901 1218 3971 J'uri·

132 3985 229 4054 diqnes
249 3982 414 4050 methonen,
433 3983 573 4054 particula
597 3981 655 4036 1111
676 3983 805 4054 (Parisiis
831 3985 910 4054 1867)
932 4001 998 4058 pag.
1021 3987 1056 4040 32
1074 3986 1150 4041 edita
1168 3991 1216 4052 est,

129 4089 156 4128 ιι
176 4072 209 4127 15
226 4072 296 4126 haee
313 4071 418 4143 scripta
434 4068 530 4125 uides:
549 4074 634 4123 τοῦτο
652 4066 681 4123 d’
701 4077 778 4124 ἔστιν
794 4070 828 4124 τὸ
846 4066 961 4124 ἀοίνιιον
988 4068 1003 4124 ὃ
1026 4071 1214 4140 ἀνωμολο-

128 4156 258 4230 γήσιιτο
278 4161 371 4224 λ’χοιν
389 4154 460 4229 παρ’
482 4157 585 4209 αὑτῶν.
