2700 4658
662 264 875 332 ..64-

225 436 312 522 apud
326 435 581 502 Demosthenem
602 437 666 502 alio
688 434 761 500 loeo
782 457 849 501 non
870 439 1039 527 reperitur,
1060 461 1121 505 neo
1137 447 1249 505 tamen
1264 448 1322 521 est,

222 540 310 626 quod
331 540 415 605 alius
437 542 603 627 scriptoris
624 561 756 604 manum
778 561 839 603 nos
861 540 1112 628 deprehendisse
1133 542 1321 627 gloriemur.

221 642 255 706 id
278 643 365 728 quod
387 644 484 708 facile
504 642 565 707 tibi
586 642 801 728 persuaseris,
829 642 857 706 si
879 667 930 709 me
953 644 1085 711 deeius
1108 645 1199 711 modi
1219 647 1320 732 parti-

220 746 300 811 culis
330 748 561 812 enumeratiuis
591 785 633 795 -
665 747 693 812 si
723 744 785 810 hoe
811 746 1001 812 uoeaoulnm
1026 770 1150 814 nouare
1171 748 1249 815 licet
1280 786 1318 797 -

220 850 407 914 accuratius
438 850 657 936 disputantem
678 848 830 916 audieris.
880 851 928 915 ita
949 861 1058 917 antem
1078 851 1264 939 disputabo,
1285 863 1321 917 ut

219 974 262 1017 ex
291 953 491 1019 orationibus
521 953 782 1019 Demostheniois
817 954 924 1018 omnia
956 976 1177 1041 quaecumque
1211 955 1320 1020 dedita

220 1077 320 1142 opera
349 1055 410 1121 hos
449 1055 551 1122 libros
578 1057 778 1143 perlustrans
811 1058 1009 1142 inuestigare
1042 1059 1134 1145 potui
1171 1057 1319 1143 exempla

219 1181 416 1247 proponam,
445 1181 488 1223 ex
516 1159 712 1246 reliquorum
737 1181 816 1225 uero
846 1170 1009 1226 oratorum
1039 1160 1132 1227 libris
1161 1168 1320 1248 quotquot

220 1261 300 1328 mihi
321 1263 519 1329 collectanea
538 1285 613 1328 mea
634 1261 888 1349 suppeditabunt
909 1263 997 1330 locos
1019 1264 1196 1348 adiungam
1211 1264 1245 1350 l).

306 1366 511 1432 notissimum
533 1377 582 1432 est
602 1369 638 1432 in
659 1366 888 1432 enumerandis
910 1367 1008 1432 rebus
1029 1365 1166 1451 πρῶτον
1186 1371 1250 1452 μὲν
1264 1388 1319 1446 uo·

221 1468 345 1535 oabnlis
377 1470 574 1557 respondere
599 1492 666 1535 non
694 1467 766 1534 εἶτα
788 1470 826 1535 δέ
844 1477 903 1534 aut
923 1471 1037 1535 ἔπειτα
1059 1470 1103 1551 δι’,
1125 1469 1183 1533 sed
1206 1473 1319 1535 ἔπειτα

220 1572 272 1636 uel
300 1568 373 1637 εἶτα
402 1572 560 1660 particula
591 1572 801 1639 aduersatiua
822 1573 952 1641 omissa.
977 1573 1017 1638 ef.
1038 1571 1140 1639 Rehd
1163 1572 1232 1639 ind.
1254 1571 1319 1636 De·

219 1675 335 1743 mosth.
356 1675 401 1739 II.
422 1698 499 1764 pag.
521 1677 596 1760 253,
617 1675 785 1743 Kuehneri
808 1686 868 1742 art
883 1676 925 1742 II.
947 1678 974 1762 ἕ.
990 1676 1062 1746 531.
1087 1679 1116 1759 1,
1138 1697 1214 1762 pag.
1230 1676 1320 1759 813²,

219 1778 382 1864 Kruegeri
403 1788 464 1846 art.
486 1787 510 1845 I.
533 1780 584 1845 69.
608 1779 659 1846 24.
684 1781 714 1848 1.
736 1789 787 1845 est
809 1789 934 1846 autem:
1102 1817 1105 1822 -

306 1884 337 1968 Ι)
367 1881 500 1966 πρῶτον
527 1883 590 1965 μὲν
617 1920 660 1931 -
690 1880 815 1967 εἶτα’3)ε
843 1881 884 1947 Π.
916 1884 953 1963 1,
982 1881 1060 1950 ΠΠ.
1089 1884 1130 1948 16
1160 1883 1320 1971 (sequitur

222 1979 306 2070 πρὸς
328 1985 363 2049 δὲ
386 1986 541 2071 τούτοις),
567 1985 661 2054 XVI.
684 1985 734 2064 26,
765 1984 892 2050 XVIII.
915 1986 958 2050 55
980 1985 1015 2050 in
1036 1985 1121 2053 deor.
1145 1986 1250 2074 (sequ
1272 1989 1320 2052 tn

221 2089 284 2172 dt),
317 2091 390 2170 105,
414 2090 485 2169 110,
507 2088 580 2171 176,
602 2089 684 2166 238,
710 2088 854 2153 XVIIII.
876 2089 928 2167 32,
952 2089 1023 2170 137,
1048 2090 1217 2174 141,176,
1244 2089 1319 2154 XX.

220 2191 272 2274 95,
295 2192 367 2271 127,
391 2191 451 2255 141
477 2191 579 2276 (sequ.
601 2183 686 2276 πρὸς
709 2191 743 2255 δὲ
758 2185 917 2277 τούτοις),
939 2189 1032 2258 XXI.
1048 2193 1099 2276 79,
1114 2195 1187 2273 155,
1210 2193 1319 2258 XXII.

199 2295 271 2374 .39,
293 2294 346 2376 43,
368 2293 498 2360 XXIII.
520 2294 573 2372 40,
588 2293 639 2373 67,
654 2295 697 2358 84
719 2295 822 2381 (sequ.
844 2287 928 2378 πρὸς
942 2296 975 2360 δὲ
990 2289 1149 2383 τούτοις),
1171 2296 1319 2363 XXIIII.

220 2398 242 2460 9
256 2397 360 2484 (sequ.
375 2392 459 2481 πρὸς
472 2397 506 2461 δὲ
516 2391 672 2480 τούτοις),
685 2400 736 2475 18,
750 2399 798 2478 19,
808 2397 861 2480 48,
874 2397 1049 2483 [ΧΧΧΠ]
1061 2399 1113 2481 22,
1124 2398 1319 2465 XXXVIII.

220 2500 251 2580 2,
274 2501 482 2586 [XXXXV]
507 2503 535 2582 1,
559 2499 760 2585 [LVH1.]5‚
777 2503 806 2580 7,
829 2503 953 2587 [epist]
977 2503 1006 2569 2.
1029 2503 1079 2583 14,
1100 2503 1130 2568 3.
1147 2504 1197 2566 12.
1234 2501 1317 2569 Isae.

220 2603 280 2673 111.
312 2607 348 2686 8,
374 2605 417 2669 66
446 2604 550 2690 (sequ
579 2601 664 2686 πρὸς
692 2604 726 2669 δὲ
748 2599 904 2689 τούτοις),
926 2605 966 2671 V.
989 2606 1020 2675 2.
1071 2604 1224 2674 addenda
1247 2614 1320 2672 sunt

295 2794 322 2864 1)
341 2808 399 2846 non
422 2788 550 2844 inutilem
573 2787 635 2843 fore
659 2788 734 2843 hane
757 2805 775 2843 a
796 2790 943 2862 proposita
968 2792 1096 2847 oratione
1114 2791 1318 2863 digressionem

223 2878 292 2933 mihi
309 2893 476 2950 persuasum
494 2881 548 2931 est:
567 2892 624 2930 non
645 2875 718 2931 enim
736 2876 864 2932 omnibus
879 2876 931 2932 has
949 2895 994 2934 res
1012 2883 1095 2934 notas
1113 2894 1177 2933 esse
1194 2879 1318 2952 cognoui

221 2981 256 3020 ex
282 2965 327 3020 W.
351 2963 528 3020 Rohrmanni
552 2961 763 3031 dissertatione,
790 2981 848 3036 qna
872 2963 1031 3036 quaeritur,
1065 2965 1155 3020 oratio
1182 2971 1321 3036 quaeest

223 3058 324 3107 eontra
341 3052 531 3106 Macartatum
549 3068 617 3106 num
628 3051 827 3107 Demosthenis
845 3068 908 3107 esse
928 3051 1082 3106 iudicanda
1099 3051 1145 3119 sit,
1164 3051 1320 3124 GottIngae

222 3142 300 3202 1875,
320 3137 369 3194 ubi
387 3155 454 3210 pag.
472 3140 507 3194 52
524 3138 608 3193 haee:
627 3138 740 3205 ,deinde
757 3155 815 3193 non
833 3144 876 3192 est
892 3143 1000 3192 reetnm
1018 3137 1095 3209 qnod
1109 3137 1180 3192 dicit
1197 3138 1322 3210 scriptor

221 3232 339 3298 πρῶτον
355 3231 422 3294 μέν,
454 3242 517 3280 eum
536 3241 610 3296 quae
628 3225 800 3298 respondeat
816 3226 960 3296 pardonis
977 3221 1010 3277 δέ
1025 3223 1133 3279 frustra
1149 3241 1272 3296 quaeras
1290 3226 1320 3280 in

220 3315 262 3369 eis
278 3328 351 3384 quae
363 3317 504 3367 secuntur.
540 3313 593 3367 sed
607 3319 658 3367 aut
676 3311 828 3368 dicendum
839 3316 901 3368 erat
913 3312 1028 3383 dempta
1038 3311 1180 3383 particula
1191 3319 1321 3386 πρῶτον,

220 3404 335 3462 ἔπειτα,
362 3404 411 3455 aut
428 3399 577 3471 particulis
596 3399 701 3454 additis
719 3405 837 3470 πρῶτον
859 3404 910 3467 μὲν
934 3438 993 3455 ...
1017 3403 1117 3452 ἔπειτα
1135 3396 1166 3452 δὲ
1184 3405 1321 3470 καὶπερὶ

219 3493 280 3541 τῶν
292 3487 437 3541 ἁπάντων.
473 3486 573 3541 eadem
590 3486 725 3542 orationis
737 3486 929 3541 inconstantia
947 3485 1076 3540 inhaeret
1087 3485 1271 3557 paragrapho
1283 3487 1321 3542 36

219 3574 312 3643 [Immo
324 3570 380 3648 35],
399 3589 457 3644 qua
473 3573 605 3644 legimus:
624 3575 819 3646 ἅναγίγκωοκε
836 3574 884 3629 τὰς
896 3577 1050 3646 μαρτυρίας
1069 3573 1118 3629 τὰς
1133 3571 1319 3641 ὑπολοίπους,

219 3667 337 3732 πρῶτον
353 3665 406 3730 μὲν
424 3659 470 3714 ὅτι
487 3691 523 3703 -
542 3668 641 3715 ἔπειτα
659 3661 709 3716 ‘cde
728 3657 811 3716 ἄλλος
829 3702 836 3715 .
854 3703 861 3717 .
880 3661 897 3713 ·‘

289 3748 317 3818 2)
335 3753 454 3818 πρῶτον
471 3749 524 3815 μὲν
540 3779 576 3789 -
594 3745 728 3819 δεύτερον
740 3743 779 3814 δέ,
798 3747 875 3818 quod
893 3747 931 3802 ad
948 3747 1187 3804 enumerationem
1204 3747 1321 3820 aptissi-

220 3852 296 3889 mum
314 3835 443 3904 uidetur,
470 3833 563 3889 minus
587 3851 674 3907 saepe
698 3833 776 3905 apud
799 3833 1016 3890 Demosthenem
1038 3840 1093 3890 este
1120 3832 1157 3889 ef.
1176 3832 1254 3890 VIII.
1273 3836 1320 3906 43,

216 3919 276 3995 [X]
299 3924 341 3991 15,
358 3920 481 3976 XVIIII.
502 3923 520 3976 4
544 3922 682 3994 (sequitur
708 3927 807 3992 τρίτον
829 3917 868 3990 δι’,
893 3922 965 3989 μετὰ
988 3923 1099 3993 ταῦτα),
1123 3919 1189 3975 ΧΧ.
1212 3923 1257 3988 43,
1274 3922 1321 3990 49,

219 4007 329 4062 XXIII.
348 4009 391 4073 70,
410 4009 443 4063 71
462 4014 550 4078 (sequ.
568 4015 667 4081 τρίτον
685 4005 735 4077 δι’),
754 4006 877 4061 XXIIII.
894 4008 930 4064 90
947 4014 1036 4080 (sequ.
1055 4008 1126 4081 πρὸς
1143 4004 1175 4060 δὲ
1186 4005 1322 4079 τούτοις),

222 4092 389 4168 [XXVIIH.]
415 4095 449 4149 16
471 4095 561 4166 (sequ
587 4101 630 4147 tu
656 4092 707 4165 δι’),
733 4095 777 4162 33,
804 4093 941 4153 XXXVI.
966 4097 998 4150 19
1024 4097 1115 4167 (sequ.
1141 4100 1241 4167 τρίτον
1269 4093 1321 4168 δι),

221 4179 448 4254 ΙΧΧΧΧἯΙΠ.)
468 4183 511 4247 20,
532 4178 634 4254 [epist]
655 4183 678 4237 1.
691 4184 720 4252 5,
736 4183 761 4236 3
776 4183 819 4248 31,
838 4183 874 4236 ef.
894 4187 925 4235 ἓν
942 4186 995 4250 μὲν
1013 4178 1321 4257 πρῶτον-δεύτερον

219 4268 250 4322 δέ
272 4269 301 4323 V.
322 4270 355 4325 13
372 4275 402 4323 et
420 4273 539 4339 πρῶτον
550 4266 772 4343 μὲν-ὅοτορον
790 4267 823 4322 de'
838 4269 991 4341 Hegesipp.
1004 4270 1040 4324 de
1050 4269 1172 4328 Hslom
1191 4267 1276 4342 [VII]
1295 4273 1321 4328 l.
