<?xml version="1.0" encoding="UTF-8"?>
<!DOCTYPE html PUBLIC "-//W3C//DTD XHTML 1.0 Transitional//EN"
    "http://www.w3.org/TR/xhtml1/DTD/xhtml1-transitional.dtd">
<html xmlns="http://www.w3.org/1999/xhtml" xml:lang="en" lang="en">
 <head>
  <title>
</title>
<meta http-equiv="Content-Type" content="text/html;charset=utf-8" />
  <meta name='ocr-system' content='tesseract 3.04.00' />
  <meta name='ocr-capabilities' content='ocr_page ocr_carea ocr_par ocr_line ocrx_word'/>
</head>
<body>
  <div class='ocr_page' id='page_1' title='image "./prolegomenonind00schugoog_0075.png"; bbox 0 0 2700 4658; ppageno 0'>
   <div class='ocr_carea' id='block_1_1' title="bbox 602 88 816 152">
    <p class='ocr_par' dir='ltr' id='par_1_1' title="bbox 602 88 816 152">
     <span class='ocr_line' id='line_1_1' title="bbox 602 88 816 152; baseline -0.005 -16"><span class='ocrx_word' id='word_1_1' title='bbox 602 88 816 152; x_wconf 62' lang='lat'>-38-</span> 
     </span>
    </p>
   </div>
   <div class='ocr_carea' id='block_1_2' title="bbox 80 228 1350 1581">
    <p class='ocr_par' dir='ltr' id='par_1_2' title="bbox 80 228 1350 1581">
     <span class='ocr_line' id='line_1_2' title="bbox 161 228 1346 353; baseline -0.004 -28"><span class='ocrx_word' id='word_1_2' title='bbox 161 259 243 325; x_wconf 92' lang='lat' dir='ltr'>libro</span> <span class='ocrx_word' id='word_1_3' title='bbox 267 259 307 325; x_wconf 89' lang='lat' dir='ltr'>de</span> <span class='ocrx_word' id='word_1_4' title='bbox 328 260 420 324; x_wconf 88' lang='lat' dir='ltr'>hiatu</span> <span class='ocrx_word' id='word_1_5' title='bbox 442 258 530 346; x_wconf 88' lang='lat' dir='ltr'>apud</span> <span class='ocrx_word' id='word_1_6' title='bbox 552 265 697 324; x_wconf 88' lang='lat' dir='ltr'>oratores</span> <span class='ocrx_word' id='word_1_7' title='bbox 714 256 841 323; x_wconf 88' lang='lat' dir='ltr'>Atticos</span> <span class='ocrx_word' id='word_1_8' title='bbox 863 279 937 344; x_wconf 87' lang='lat' dir='ltr'>pag.</span> <span class='ocrx_word' id='word_1_9' title='bbox 961 258 1023 324; x_wconf 82' lang='grc'>151</span> <span class='ocrx_word' id='word_1_10' title='bbox 1046 266 1079 322; x_wconf 93' lang='lat' dir='ltr'>et</span> <span class='ocrx_word' id='word_1_11' title='bbox 1093 255 1246 323; x_wconf 86' lang='lat' dir='ltr'>Arnoldus</span> <span class='ocrx_word' id='word_1_12' title='bbox 1331 228 1346 353; x_wconf 46' lang='lat' dir='ltr'>J</span> 
     </span>
     <span class='ocr_line' id='line_1_3' title="bbox 80 359 1350 456; baseline -0.005 -26"><span class='ocrx_word' id='word_1_13' title='bbox 80 387 84 394; x_wconf 86' lang='grc'><strong>’</strong></span> <span class='ocrx_word' id='word_1_14' title='bbox 162 362 317 431; x_wconf 82' lang='lat' dir='ltr'>Schaefer</span> <span class='ocrx_word' id='word_1_15' title='bbox 338 363 357 428; x_wconf 92' lang='lat' dir='ltr'>l.</span> <span class='ocrx_word' id='word_1_16' title='bbox 380 362 418 426; x_wconf 90' lang='lat' dir='ltr'>el.</span> <span class='ocrx_word' id='word_1_17' title='bbox 440 361 619 427; x_wconf 88' lang='lat' dir='ltr'>orationem</span> <span class='ocrx_word' id='word_1_18' title='bbox 633 360 722 426; x_wconf 91' lang='lat' dir='ltr'>illam</span> <span class='ocrx_word' id='word_1_19' title='bbox 738 360 990 428; x_wconf 89' lang='lat' dir='ltr'>aDemosthene</span> <span class='ocrx_word' id='word_1_20' title='bbox 1005 359 1249 426; x_wconf 87' lang='lat' dir='ltr'>abiudicandam</span> <span class='ocrx_word' id='word_1_21' title='bbox 1338 428 1350 456; x_wconf 38' lang='grc' dir='ltr'>μ</span> 
     </span>
     <span class='ocr_line' id='line_1_4' title="bbox 163 463 1350 550; baseline -0.005 -19"><span class='ocrx_word' id='word_1_22' title='bbox 163 487 233 531; x_wconf 90' lang='lat' dir='ltr'>esse</span> <span class='ocrx_word' id='word_1_23' title='bbox 264 466 505 542; x_wconf 88' lang='lat' dir='ltr'>existimarunt,</span> <span class='ocrx_word' id='word_1_24' title='bbox 534 463 712 550; x_wconf 89' lang='lat' dir='ltr'>horumque</span> <span class='ocrx_word' id='word_1_25' title='bbox 742 464 880 547; x_wconf 88' lang='lat' dir='ltr'>uestigia</span> <span class='ocrx_word' id='word_1_26' title='bbox 905 465 1089 550; x_wconf 90' lang='lat' dir='ltr'>nuperrime</span> <span class='ocrx_word' id='word_1_27' title='bbox 1111 484 1252 550; x_wconf 88' lang='lat' dir='ltr'>pressero</span> <span class='ocrx_word' id='word_1_28' title='bbox 1345 531 1350 547; x_wconf 8' lang='grc' dir='ltr'>Ἴ,</span> 
     </span>
     <span class='ocr_line' id='line_1_5' title="bbox 160 552 1348 654; baseline -0.004 -22"><span class='ocrx_word' id='word_1_29' title='bbox 160 568 307 633; x_wconf 90' lang='lat' dir='ltr'>Blassius</span> <span class='ocrx_word' id='word_1_30' title='bbox 329 569 364 632; x_wconf 92' lang='lat' dir='ltr'>in</span> <span class='ocrx_word' id='word_1_31' title='bbox 379 567 429 631; x_wconf 91' lang='lat' dir='ltr'>III</span> <span class='ocrx_word' id='word_1_32' title='bbox 453 568 493 632; x_wconf 90' lang='lat' dir='ltr'>de</span> <span class='ocrx_word' id='word_1_33' title='bbox 508 569 689 632; x_wconf 88' lang='lat' dir='ltr'>Atticorum</span> <span class='ocrx_word' id='word_1_34' title='bbox 708 567 892 653; x_wconf 81' lang='lat' dir='ltr'>eloquentia</span> <span class='ocrx_word' id='word_1_35' title='bbox 913 567 1077 632; x_wconf 90' lang='lat' dir='ltr'>uolumine</span> <span class='ocrx_word' id='word_1_36' title='bbox 1102 588 1178 654; x_wconf 85' lang='lat' dir='ltr'>pag.</span> <span class='ocrx_word' id='word_1_37' title='bbox 1193 564 1259 631; x_wconf 74' lang='lat'>415</span> <span class='ocrx_word' id='word_1_38' title='bbox 1345 552 1348 558; x_wconf 39' lang='lat'>¹</span> 
     </span>
     <span class='ocr_line' id='line_1_6' title="bbox 162 668 1268 759; baseline -0.005 -24"><span class='ocrx_word' id='word_1_39' title='bbox 162 693 293 759; x_wconf 72' lang='lat' dir='ltr'>proiix,</span> <span class='ocrx_word' id='word_1_40' title='bbox 324 673 378 756; x_wconf 92' lang='lat' dir='ltr'>qui</span> <span class='ocrx_word' id='word_1_41' title='bbox 409 671 538 758; x_wconf 91' lang='lat' dir='ltr'>quidem</span> <span class='ocrx_word' id='word_1_42' title='bbox 560 670 667 757; x_wconf 88' lang='lat' dir='ltr'>paullo</span> <span class='ocrx_word' id='word_1_43' title='bbox 691 671 873 736; x_wconf 79' lang='lat' dir='ltr'>accuratius</span> <span class='ocrx_word' id='word_1_44' title='bbox 896 691 991 756; x_wconf 88' lang='lat' dir='ltr'>quam</span> <span class='ocrx_word' id='word_1_45' title='bbox 1013 671 1197 757; x_wconf 74' lang='lat' dir='ltr'>superiores</span> <span class='ocrx_word' id='word_1_46' title='bbox 1218 668 1268 733; x_wconf 86' lang='lat' dir='ltr'>de</span> 
     </span>
     <span class='ocr_line' id='line_1_7' title="bbox 164 771 1278 857; baseline -0.006 -18"><span class='ocrx_word' id='word_1_47' title='bbox 164 773 318 840; x_wconf 86' lang='lat' dir='ltr'>orationis</span> <span class='ocrx_word' id='word_1_48' title='bbox 341 796 459 857; x_wconf 86' lang='lat' dir='ltr'>genere</span> <span class='ocrx_word' id='word_1_49' title='bbox 483 774 641 854; x_wconf 77' lang='lat' dir='ltr'>disseruit,</span> <span class='ocrx_word' id='word_1_50' title='bbox 665 783 697 840; x_wconf 90' lang='lat' dir='ltr'>et</span> <span class='ocrx_word' id='word_1_51' title='bbox 713 773 879 838; x_wconf 84' lang='lat' dir='ltr'>Gustauus</span> <span class='ocrx_word' id='word_1_52' title='bbox 894 771 1046 838; x_wconf 81' lang='lat' dir='ltr'>Gebaner</span> <span class='ocrx_word' id='word_1_53' title='bbox 1059 775 1094 838; x_wconf 94' lang='lat' dir='ltr'>in</span> <span class='ocrx_word' id='word_1_54' title='bbox 1109 772 1194 838; x_wconf 89' lang='lat' dir='ltr'>libro</span> <span class='ocrx_word' id='word_1_55' title='bbox 1210 771 1278 855; x_wconf 76' lang='lat' dir='ltr'>,de</span> 
     </span>
     <span class='ocr_line' id='line_1_8' title="bbox 161 869 1281 965; baseline -0.002 -24"><span class='ocrx_word' id='word_1_56' title='bbox 161 876 377 964; x_wconf 81' lang='lat' dir='ltr'>hypotacticis</span> <span class='ocrx_word' id='word_1_57' title='bbox 400 885 432 941; x_wconf 91' lang='lat' dir='ltr'>et</span> <span class='ocrx_word' id='word_1_58' title='bbox 453 879 662 965; x_wconf 89' lang='lat' dir='ltr'>paratacticis</span> <span class='ocrx_word' id='word_1_59' title='bbox 685 877 868 962; x_wconf 87' lang='lat' dir='ltr'>argumenti</span> <span class='ocrx_word' id='word_1_60' title='bbox 890 898 932 940; x_wconf 92' lang='lat' dir='ltr'>ex</span> <span class='ocrx_word' id='word_1_61' title='bbox 953 876 1117 942; x_wconf 85' lang='lat' dir='ltr'>contrario</span> <span class='ocrx_word' id='word_1_62' title='bbox 1137 869 1281 943; x_wconf 82' lang='lat' dir='ltr'>formis‘</span> 
     </span>
     <span class='ocr_line' id='line_1_9' title="bbox 163 967 1302 1066; baseline -0.001 -23"><span class='ocrx_word' id='word_1_63' title='bbox 163 978 226 1043; x_wconf 92' lang='lat' dir='ltr'>hoc</span> <span class='ocrx_word' id='word_1_64' title='bbox 252 1000 336 1043; x_wconf 92' lang='lat' dir='ltr'>anno</span> <span class='ocrx_word' id='word_1_65' title='bbox 360 977 565 1045; x_wconf 85' lang='lat' dir='ltr'>Zwicoauiae</span> <span class='ocrx_word' id='word_1_66' title='bbox 595 980 763 1065; x_wconf 86' lang='lat' dir='ltr'>euolgato,</span> <span class='ocrx_word' id='word_1_67' title='bbox 797 981 853 1066; x_wconf 91' lang='lat' dir='ltr'>qui</span> <span class='ocrx_word' id='word_1_68' title='bbox 880 1002 909 1045; x_wconf 92' lang='lat' dir='ltr'>u.</span> <span class='ocrx_word' id='word_1_69' title='bbox 933 979 979 1058; x_wconf 85' lang='lat' dir='ltr'>d„</span> <span class='ocrx_word' id='word_1_70' title='bbox 1008 1001 1083 1043; x_wconf 91' lang='lat' dir='ltr'>cum</span> <span class='ocrx_word' id='word_1_71' title='bbox 1104 967 1302 1047; x_wconf 85' lang='lat' dir='ltr'>XXXIII</span> 
     </span>
     <span class='ocr_line' id='line_1_10' title="bbox 165 1066 1305 1165; baseline -0.003 -18"><span class='ocrx_word' id='word_1_72' title='bbox 165 1083 342 1147; x_wconf 88' lang='lat' dir='ltr'>orationem</span> <span class='ocrx_word' id='word_1_73' title='bbox 380 1082 546 1165; x_wconf 87' lang='lat' dir='ltr'>laudaret,</span> <span class='ocrx_word' id='word_1_74' title='bbox 582 1066 812 1149; x_wconf 81' lang='lat' dir='ltr'>Demosthenis</span> <span class='ocrx_word' id='word_1_75' title='bbox 848 1104 964 1147; x_wconf 92' lang='lat' dir='ltr'>nornen</span> <span class='ocrx_word' id='word_1_76' title='bbox 994 1082 1086 1147; x_wconf 91' lang='lat' dir='ltr'>uncis</span> <span class='ocrx_word' id='word_1_77' title='bbox 1118 1080 1305 1146; x_wconf 67' lang='lat' dir='ltr'>inclusit0</span> 
     </span>
     <span class='ocr_line' id='line_1_11' title="bbox 164 1183 1313 1270; baseline 0 -22"><span class='ocrx_word' id='word_1_78' title='bbox 164 1193 279 1248; x_wconf 87' lang='lat' dir='ltr'>contra</span> <span class='ocrx_word' id='word_1_79' title='bbox 304 1184 359 1269; x_wconf 90' lang='lat' dir='ltr'>qui</span> <span class='ocrx_word' id='word_1_80' title='bbox 391 1187 568 1251; x_wconf 89' lang='lat' dir='ltr'>orationem</span> <span class='ocrx_word' id='word_1_81' title='bbox 589 1185 677 1252; x_wconf 88' lang='lat' dir='ltr'>illam</span> <span class='ocrx_word' id='word_1_82' title='bbox 701 1184 913 1252; x_wconf 77' lang='lat' dir='ltr'>Demostheni</span> <span class='ocrx_word' id='word_1_83' title='bbox 935 1195 1046 1270; x_wconf 89' lang='lat' dir='ltr'>aperte</span> <span class='ocrx_word' id='word_1_84' title='bbox 1067 1183 1313 1261; x_wconf 66' lang='lat' dir='ltr'>uindicaret,</span> 
     </span>
     <span class='ocr_line' id='line_1_12' title="bbox 166 1287 1318 1375; baseline -0.002 -23"><span class='ocrx_word' id='word_1_85' title='bbox 166 1308 261 1360; x_wconf 88' lang='lat' dir='ltr'>nemo</span> <span class='ocrx_word' id='word_1_86' title='bbox 292 1288 442 1352; x_wconf 90' lang='lat' dir='ltr'>inuentus</span> <span class='ocrx_word' id='word_1_87' title='bbox 473 1298 522 1354; x_wconf 90' lang='lat' dir='ltr'>est</span> <span class='ocrx_word' id='word_1_88' title='bbox 551 1300 679 1375; x_wconf 91' lang='lat' dir='ltr'>praeter</span> <span class='ocrx_word' id='word_1_89' title='bbox 700 1289 855 1356; x_wconf 90' lang='lat' dir='ltr'>loannem</span> <span class='ocrx_word' id='word_1_90' title='bbox 877 1287 1118 1370; x_wconf 89' lang='lat' dir='ltr'>Hermannum,</span> <span class='ocrx_word' id='word_1_91' title='bbox 1148 1287 1205 1374; x_wconf 91' lang='lat' dir='ltr'>qui</span> <span class='ocrx_word' id='word_1_92' title='bbox 1225 1287 1318 1350; x_wconf 62' lang='lat' dir='ltr'>ir,</span> 
     </span>
     <span class='ocr_line' id='line_1_13' title="bbox 165 1388 1323 1478; baseline 0.002 -25"><span class='ocrx_word' id='word_1_93' title='bbox 165 1388 429 1476; x_wconf 81' lang='lat' dir='ltr'>praefatiunculis</span> <span class='ocrx_word' id='word_1_94' title='bbox 464 1391 506 1455; x_wconf 91' lang='lat' dir='ltr'>ad</span> <span class='ocrx_word' id='word_1_95' title='bbox 538 1391 768 1458; x_wconf 82' lang='lat' dir='ltr'>Demosthenis</span> <span class='ocrx_word' id='word_1_96' title='bbox 801 1393 966 1457; x_wconf 81' lang='lat' dir='ltr'>orationes</span> <span class='ocrx_word' id='word_1_97' title='bbox 1004 1391 1323 1478; x_wconf 62' lang='lat' dir='ltr'>paragraphica3</span> 
     </span>
     <span class='ocr_line' id='line_1_14' title="bbox 166 1492 1326 1581; baseline 0.002 -25"><span class='ocrx_word' id='word_1_98' title='bbox 166 1494 228 1558; x_wconf 90' lang='lat' dir='ltr'>hoc</span> <span class='ocrx_word' id='word_1_99' title='bbox 258 1493 372 1558; x_wconf 90' lang='lat' dir='ltr'>saltem</span> <span class='ocrx_word' id='word_1_100' title='bbox 406 1492 502 1559; x_wconf 85' lang='lat' dir='ltr'>dixit:</span> <span class='ocrx_word' id='word_1_101' title='bbox 533 1517 598 1559; x_wconf 91' lang='lat' dir='ltr'>non</span> <span class='ocrx_word' id='word_1_102' title='bbox 626 1517 697 1560; x_wconf 88' lang='lat' dir='ltr'>esse</span> <span class='ocrx_word' id='word_1_103' title='bbox 726 1516 824 1581; x_wconf 91' lang='lat' dir='ltr'>quam</span> <span class='ocrx_word' id='word_1_104' title='bbox 853 1493 895 1558; x_wconf 95' lang='lat' dir='ltr'>ob</span> <span class='ocrx_word' id='word_1_105' title='bbox 923 1495 1118 1560; x_wconf 86' lang='lat' dir='ltr'>remoratio</span> <span class='ocrx_word' id='word_1_106' title='bbox 1141 1494 1326 1559; x_wconf 54' lang='lat' dir='ltr'>Demo‘</span> 
     </span>
    </p>
   </div>
   <div class='ocr_carea' id='block_1_3' title="bbox 166 1594 1345 2094">
    <p class='ocr_par' dir='ltr' id='par_1_3' title="bbox 166 1594 1345 2094">
     <span class='ocr_line' id='line_1_15' title="bbox 168 1594 1330 1684; baseline 0 -24"><span class='ocrx_word' id='word_1_107' title='bbox 168 1594 290 1660; x_wconf 88' lang='lat' dir='ltr'>sthenis</span> <span class='ocrx_word' id='word_1_108' title='bbox 321 1615 392 1659; x_wconf 89' lang='lat' dir='ltr'>esse</span> <span class='ocrx_word' id='word_1_109' title='bbox 414 1618 479 1660; x_wconf 90' lang='lat' dir='ltr'>non</span> <span class='ocrx_word' id='word_1_110' title='bbox 500 1605 621 1682; x_wconf 88' lang='lat' dir='ltr'>posset.</span> <span class='ocrx_word' id='word_1_111' title='bbox 674 1619 757 1684; x_wconf 91' lang='lat' dir='ltr'>quae</span> <span class='ocrx_word' id='word_1_112' title='bbox 779 1619 853 1661; x_wconf 90' lang='lat' dir='ltr'>cum</span> <span class='ocrx_word' id='word_1_113' title='bbox 875 1597 922 1661; x_wconf 85' lang='lat' dir='ltr'>ita</span> <span class='ocrx_word' id='word_1_114' title='bbox 944 1597 1017 1678; x_wconf 91' lang='lat' dir='ltr'>sint,</span> <span class='ocrx_word' id='word_1_115' title='bbox 1040 1597 1126 1662; x_wconf 91' lang='lat' dir='ltr'>dicet</span> <span class='ocrx_word' id='word_1_116' title='bbox 1145 1596 1330 1683; x_wconf 51' lang='lat' dir='ltr'>aliquia</span> 
     </span>
     <span class='ocr_line' id='line_1_16' title="bbox 167 1684 1335 1786; baseline 0.002 -24"><span class='ocrx_word' id='word_1_117' title='bbox 167 1684 192 1762; x_wconf 84' lang='grc' dir='ltr'><em>ὦ</em></span> <span class='ocrx_word' id='word_1_118' title='bbox 219 1698 372 1782; x_wconf 73' lang='grc' dir='ltr'>βέλτιστε</span> <span class='ocrx_word' id='word_1_119' title='bbox 401 1692 449 1782; x_wconf 81' lang='grc' dir='ltr'>μὴ</span> <span class='ocrx_word' id='word_1_120' title='bbox 471 1698 586 1783; x_wconf 77' lang='grc' dir='ltr'><em>γλαῦκ’</em></span> <span class='ocrx_word' id='word_1_121' title='bbox 607 1704 651 1775; x_wconf 76' lang='grc' dir='ltr'>εὶς</span> <span class='ocrx_word' id='word_1_122' title='bbox 667 1696 830 1779; x_wconf 73' lang='grc' dir='ltr'><strong><em>Ἀθήνας.</em></strong></span> <span class='ocrx_word' id='word_1_123' title='bbox 873 1722 939 1764; x_wconf 89' lang='lat' dir='ltr'>non</span> <span class='ocrx_word' id='word_1_124' title='bbox 960 1720 1075 1765; x_wconf 90' lang='lat' dir='ltr'>uereor</span> <span class='ocrx_word' id='word_1_125' title='bbox 1097 1698 1246 1786; x_wconf 88' lang='lat' dir='ltr'>equidem</span> <span class='ocrx_word' id='word_1_126' title='bbox 1268 1712 1335 1752; x_wconf 40' lang='grc' dir='ltr'>*Α</span> 
     </span>
     <span class='ocr_line' id='line_1_17' title="bbox 168 1800 1339 1889; baseline -0.002 -21"><span class='ocrx_word' id='word_1_127' title='bbox 168 1825 243 1869; x_wconf 84' lang='lat' dir='ltr'>nam</span> <span class='ocrx_word' id='word_1_128' title='bbox 267 1800 420 1868; x_wconf 76' lang='lat' dir='ltr'>Schaefer</span> <span class='ocrx_word' id='word_1_129' title='bbox 436 1810 467 1866; x_wconf 89' lang='lat' dir='ltr'>et</span> <span class='ocrx_word' id='word_1_130' title='bbox 482 1803 623 1868; x_wconf 87' lang='lat' dir='ltr'>maxime</span> <span class='ocrx_word' id='word_1_131' title='bbox 637 1803 794 1884; x_wconf 87' lang='lat' dir='ltr'>Blassius,</span> <span class='ocrx_word' id='word_1_132' title='bbox 815 1824 1011 1889; x_wconf 86' lang='lat' dir='ltr'>quamquam</span> <span class='ocrx_word' id='word_1_133' title='bbox 1025 1802 1060 1867; x_wconf 90' lang='lat' dir='ltr'>in</span> <span class='ocrx_word' id='word_1_134' title='bbox 1075 1805 1339 1868; x_wconf 57' lang='lat' dir='ltr'>uniuersunfl</span> 
     </span>
     <span class='ocr_line' id='line_1_18' title="bbox 166 1904 1342 1992; baseline 0.002 -22"><span class='ocrx_word' id='word_1_135' title='bbox 166 1914 254 1970; x_wconf 88' lang='lat' dir='ltr'>recte</span> <span class='ocrx_word' id='word_1_136' title='bbox 283 1904 444 1970; x_wconf 88' lang='lat' dir='ltr'>iudicasse</span> <span class='ocrx_word' id='word_1_137' title='bbox 472 1906 679 1970; x_wconf 87' lang='lat' dir='ltr'>existimandi</span> <span class='ocrx_word' id='word_1_138' title='bbox 708 1914 800 1986; x_wconf 90' lang='lat' dir='ltr'>sunt,</span> <span class='ocrx_word' id='word_1_139' title='bbox 832 1914 955 1985; x_wconf 88' lang='lat' dir='ltr'>tamen,</span> <span class='ocrx_word' id='word_1_140' title='bbox 986 1906 1040 1992; x_wconf 94' lang='lat' dir='ltr'>qui</span> <span class='ocrx_word' id='word_1_141' title='bbox 1069 1916 1164 1971; x_wconf 88' lang='lat' dir='ltr'>erant</span> <span class='ocrx_word' id='word_1_142' title='bbox 1183 1906 1342 1972; x_wconf 51' lang='lat' dir='ltr'>fine&amp;</span> 
     </span>
     <span class='ocr_line' id='line_1_19' title="bbox 169 2005 1345 2094; baseline 0 -21"><span class='ocrx_word' id='word_1_143' title='bbox 169 2029 281 2073; x_wconf 90' lang='lat' dir='ltr'>eorum</span> <span class='ocrx_word' id='word_1_144' title='bbox 310 2005 401 2070; x_wconf 91' lang='lat' dir='ltr'>libris</span> <span class='ocrx_word' id='word_1_145' title='bbox 424 2008 633 2093; x_wconf 86' lang='lat' dir='ltr'>praescripti,</span> <span class='ocrx_word' id='word_1_146' title='bbox 663 2030 728 2072; x_wconf 93' lang='lat' dir='ltr'>non</span> <span class='ocrx_word' id='word_1_147' title='bbox 749 2018 817 2071; x_wconf 88' lang='lat' dir='ltr'>tam</span> <span class='ocrx_word' id='word_1_148' title='bbox 839 2006 1144 2073; x_wconf 89' lang='lat' dir='ltr'>demonstrauerunt</span> <span class='ocrx_word' id='word_1_149' title='bbox 1166 2015 1345 2094; x_wconf 54' lang='lat' dir='ltr'>quanffl</span> 
     </span>
    </p>
   </div>
   <div class='ocr_carea' id='block_1_4' title="bbox 106 2315 1350 2793">
    <p class='ocr_par' dir='ltr' id='par_1_4' title="bbox 169 2315 1350 2610">
     <span class='ocr_line' id='line_1_20' title="bbox 170 2315 1347 2405; baseline -0.006 -22"><span class='ocrx_word' id='word_1_150' title='bbox 170 2315 390 2403; x_wconf 88' lang='lat' dir='ltr'>conquirerem</span> <span class='ocrx_word' id='word_1_151' title='bbox 420 2325 453 2379; x_wconf 91' lang='lat' dir='ltr'>et</span> <span class='ocrx_word' id='word_1_152' title='bbox 482 2325 633 2381; x_wconf 91' lang='lat' dir='ltr'>accurate</span> <span class='ocrx_word' id='word_1_153' title='bbox 662 2337 872 2403; x_wconf 87' lang='lat' dir='ltr'>exponerem,</span> <span class='ocrx_word' id='word_1_154' title='bbox 909 2340 1007 2404; x_wconf 90' lang='lat' dir='ltr'>quam</span> <span class='ocrx_word' id='word_1_155' title='bbox 1037 2339 1267 2405; x_wconf 75' lang='lat' dir='ltr'>operamne..</span> <span class='ocrx_word' id='word_1_156' title='bbox 1322 2332 1347 2360; x_wconf 79' lang='lat'><strong>¹</strong></span> 
     </span>
     <span class='ocr_line' id='line_1_21' title="bbox 169 2417 1350 2508; baseline 0.003 -25"><span class='ocrx_word' id='word_1_157' title='bbox 169 2440 303 2508; x_wconf 89' lang='lat' dir='ltr'>prorsus</span> <span class='ocrx_word' id='word_1_158' title='bbox 336 2417 482 2483; x_wconf 90' lang='lat' dir='ltr'>inutilem</span> <span class='ocrx_word' id='word_1_159' title='bbox 518 2418 618 2484; x_wconf 89' lang='lat' dir='ltr'>fuisse</span> <span class='ocrx_word' id='word_1_160' title='bbox 647 2441 838 2506; x_wconf 91' lang='lat' dir='ltr'>persuasum</span> <span class='ocrx_word' id='word_1_161' title='bbox 867 2420 981 2486; x_wconf 88' lang='lat' dir='ltr'>habeo.</span> <span class='ocrx_word' id='word_1_162' title='bbox 1042 2443 1157 2486; x_wconf 88' lang='lat' dir='ltr'>uerum</span> <span class='ocrx_word' id='word_1_163' title='bbox 1184 2423 1350 2489; x_wconf 61' lang='lat' dir='ltr'>hae-⁴·</span> 
     </span>
     <span class='ocr_line' id='line_1_22' title="bbox 170 2519 1262 2610; baseline 0.003 -24"><span class='ocrx_word' id='word_1_164' title='bbox 170 2524 335 2587; x_wconf 86' lang='lat' dir='ltr'>hactenus.</span> <span class='ocrx_word' id='word_1_165' title='bbox 380 2519 423 2584; x_wconf 89' lang='lat' dir='ltr'>ad</span> <span class='ocrx_word' id='word_1_166' title='bbox 444 2521 550 2605; x_wconf 92' lang='lat' dir='ltr'>ipsam</span> <span class='ocrx_word' id='word_1_167' title='bbox 572 2522 636 2586; x_wconf 89' lang='lat' dir='ltr'>iam</span> <span class='ocrx_word' id='word_1_168' title='bbox 659 2544 728 2586; x_wconf 92' lang='lat' dir='ltr'>rem</span> <span class='ocrx_word' id='word_1_169' title='bbox 750 2521 951 2587; x_wconf 86' lang='lat' dir='ltr'>accedamus.</span> <span class='ocrx_word' id='word_1_170' title='bbox 996 2524 1136 2610; x_wconf 89' lang='lat' dir='ltr'>primum</span> <span class='ocrx_word' id='word_1_171' title='bbox 1159 2533 1262 2589; x_wconf 84' lang='lat' dir='ltr'>aute·-</span> 
     </span>
    </p>

    <p class='ocr_par' dir='ltr' id='par_1_5' title="bbox 106 2623 1259 2793">
     <span class='ocr_line' id='line_1_23' title="bbox 106 2623 1259 2711; baseline 0.003 -22"><span class='ocrx_word' id='word_1_172' title='bbox 106 2664 110 2672; x_wconf 93' lang='lat'><em>·</em></span> <span class='ocrx_word' id='word_1_173' title='bbox 171 2624 213 2689; x_wconf 89' lang='lat' dir='ltr'>de</span> <span class='ocrx_word' id='word_1_174' title='bbox 235 2625 445 2710; x_wconf 90' lang='lat' dir='ltr'>dispositione</span> <span class='ocrx_word' id='word_1_175' title='bbox 467 2632 535 2687; x_wconf 89' lang='lat' dir='ltr'>tum</span> <span class='ocrx_word' id='word_1_176' title='bbox 558 2623 598 2688; x_wconf 90' lang='lat' dir='ltr'>de</span> <span class='ocrx_word' id='word_1_177' title='bbox 620 2624 797 2690; x_wconf 87' lang='lat' dir='ltr'>elocutione</span> <span class='ocrx_word' id='word_1_178' title='bbox 820 2626 976 2711; x_wconf 74' lang='lat' dir='ltr'>orationis</span> <span class='ocrx_word' id='word_1_179' title='bbox 996 2625 1082 2693; x_wconf 93' lang='lat' dir='ltr'>illius</span> <span class='ocrx_word' id='word_1_180' title='bbox 1105 2627 1259 2695; x_wconf 87' lang='lat' dir='ltr'>disseren-</span> 
     </span>
     <span class='ocr_line' id='line_1_24' title="bbox 172 2727 339 2793; baseline 0.006 -2"><span class='ocrx_word' id='word_1_181' title='bbox 172 2727 249 2793; x_wconf 89' lang='lat' dir='ltr'>dum</span> <span class='ocrx_word' id='word_1_182' title='bbox 270 2727 339 2792; x_wconf 85' lang='lat' dir='ltr'>erit</span> 
     </span>
    </p>
   </div>
   <div class='ocr_carea' id='block_1_5' title="bbox 457 2865 977 2920">
    <p class='ocr_par' dir='ltr' id='par_1_6' title="bbox 457 2865 977 2920">
     <span class='ocr_line' id='line_1_25' title="bbox 457 2865 977 2920; baseline 0.006 -4"><span class='ocrx_word' id='word_1_183' title='bbox 457 2865 644 2916; x_wconf 83' lang='lat' dir='ltr'>DISPOSlTIO</span> <span class='ocrx_word' id='word_1_184' title='bbox 663 2867 840 2917; x_wconf 82' lang='lat' dir='ltr'>ORATIONIS</span> <span class='ocrx_word' id='word_1_185' title='bbox 857 2869 977 2920; x_wconf 85' lang='lat' dir='ltr'>xxx111.</span> 
     </span>
    </p>
   </div>
   <div class='ocr_carea' id='block_1_6' title="bbox 205 2982 1088 3055">
    <p class='ocr_par' dir='ltr' id='par_1_7' title="bbox 205 2982 1088 3055">
     <span class='ocr_line' id='line_1_26' title="bbox 205 2982 1088 3055; baseline 0.001 -20"><span class='ocrx_word' id='word_1_186' title='bbox 205 2982 229 3036; x_wconf 89' lang='lat' dir='ltr'>I.</span> <span class='ocrx_word' id='word_1_187' title='bbox 248 2987 462 3036; x_wconf 84' lang='grc' dir='ltr'><em>ΠΡΟΟΙΜΙΟΝ</em></span> <span class='ocrx_word' id='word_1_188' title='bbox 476 2987 666 3050; x_wconf 79' lang='lat' dir='ltr'><strong>(EXORDIVM</strong></span> <span class='ocrx_word' id='word_1_189' title='bbox 684 2983 744 3036; x_wconf 87' lang='lat' dir='ltr'>siue</span> <span class='ocrx_word' id='word_1_190' title='bbox 761 2988 968 3052; x_wconf 79' lang='lat' dir='ltr'>PRINCIPIVM)</span> <span class='ocrx_word' id='word_1_191' title='bbox 988 2985 1088 3055; x_wconf 87' lang='lat'><strong>(1—3).</strong></span> 
     </span>
    </p>
   </div>
   <div class='ocr_carea' id='block_1_7' title="bbox 258 3068 1340 3256">
    <p class='ocr_par' dir='ltr' id='par_1_8' title="bbox 258 3068 1340 3256">
     <span class='ocr_line' id='line_1_27' title="bbox 258 3068 1340 3160; baseline 0.004 -28"><span class='ocrx_word' id='word_1_192' title='bbox 258 3068 375 3154; x_wconf 92' lang='lat' dir='ltr'>quibus</span> <span class='ocrx_word' id='word_1_193' title='bbox 404 3092 446 3135; x_wconf 86' lang='lat' dir='ltr'>ex</span> <span class='ocrx_word' id='word_1_194' title='bbox 474 3069 601 3153; x_wconf 81' lang='lat' dir='ltr'>legibus</span> <span class='ocrx_word' id='word_1_195' title='bbox 628 3069 834 3158; x_wconf 86' lang='lat' dir='ltr'>paragrapho</span> <span class='ocrx_word' id='word_1_196' title='bbox 862 3073 987 3138; x_wconf 87' lang='lat' dir='ltr'>intenta</span> <span class='ocrx_word' id='word_1_197' title='bbox 1015 3075 1055 3138; x_wconf 93' lang='lat' dir='ltr'>sit</span> <span class='ocrx_word' id='word_1_198' title='bbox 1085 3075 1258 3160; x_wconf 83' lang='lat' dir='ltr'>exponitur.</span> <span class='ocrx_word' id='word_1_199' title='bbox 1326 3108 1340 3117; x_wconf 86' lang='lat'>-</span> 
     </span>
     <span class='ocr_line' id='line_1_28' title="bbox 258 3171 576 3256; baseline 0.006 -22"><span class='ocrx_word' id='word_1_200' title='bbox 258 3171 437 3256; x_wconf 88' lang='lat' dir='ltr'>explicatur</span> <span class='ocrx_word' id='word_1_201' title='bbox 459 3182 576 3254; x_wconf 89' lang='lat' dir='ltr'>autem,</span> 
     </span>
    </p>
   </div>
   <div class='ocr_carea' id='block_1_8' title="bbox 259 3275 1282 3671">
    <p class='ocr_par' dir='ltr' id='par_1_9' title="bbox 259 3275 1256 3464">
     <span class='ocr_line' id='line_1_29' title="bbox 259 3275 1256 3368; baseline 0.002 -30"><span class='ocrx_word' id='word_1_202' title='bbox 259 3275 293 3359; x_wconf 83' lang='grc'>1)</span> <span class='ocrx_word' id='word_1_203' title='bbox 315 3275 432 3360; x_wconf 91' lang='lat' dir='ltr'>quibus</span> <span class='ocrx_word' id='word_1_204' title='bbox 463 3275 706 3343; x_wconf 87' lang='lat' dir='ltr'>condicionibus</span> <span class='ocrx_word' id='word_1_205' title='bbox 728 3276 940 3342; x_wconf 86' lang='lat' dir='ltr'>mercatoriae</span> <span class='ocrx_word' id='word_1_206' title='bbox 961 3275 1033 3342; x_wconf 89' lang='lat' dir='ltr'>lites</span> <span class='ocrx_word' id='word_1_207' title='bbox 1054 3278 1172 3344; x_wconf 90' lang='lat' dir='ltr'>instrui</span> <span class='ocrx_word' id='word_1_208' title='bbox 1194 3300 1256 3368; x_wconf 90' lang='lat' dir='ltr'>pos-</span> 
     </span>
     <span class='ocr_line' id='line_1_30' title="bbox 319 3378 461 3464; baseline 0.014 -24"><span class='ocrx_word' id='word_1_209' title='bbox 319 3378 384 3441; x_wconf 90' lang='lat' dir='ltr'>sint</span> <span class='ocrx_word' id='word_1_210' title='bbox 405 3379 461 3464; x_wconf 85' lang='lat' dir='ltr'>(l),</span> 
     </span>
    </p>

    <p class='ocr_par' dir='ltr' id='par_1_10' title="bbox 259 3477 1282 3671">
     <span class='ocr_line' id='line_1_31' title="bbox 259 3477 1282 3565; baseline 0.012 -23"><span class='ocrx_word' id='word_1_211' title='bbox 259 3477 293 3564; x_wconf 78' lang='lat'>2)</span> <span class='ocrx_word' id='word_1_212' title='bbox 316 3479 432 3565; x_wconf 92' lang='lat' dir='ltr'>quibus</span> <span class='ocrx_word' id='word_1_213' title='bbox 463 3481 708 3547; x_wconf 90' lang='lat' dir='ltr'>condicionibus</span> <span class='ocrx_word' id='word_1_214' title='bbox 738 3482 895 3549; x_wconf 87' lang='lat' dir='ltr'>aduersus</span> <span class='ocrx_word' id='word_1_215' title='bbox 924 3484 1012 3548; x_wconf 91' lang='lat' dir='ltr'>litem</span> <span class='ocrx_word' id='word_1_216' title='bbox 1041 3490 1282 3553; x_wconf 72' lang='lat' dir='ltr'>mercatoriam</span> 
     </span>
     <span class='ocr_line' id='line_1_32' title="bbox 317 3583 659 3671; baseline 0.012 -26"><span class='ocrx_word' id='word_1_217' title='bbox 317 3585 465 3669; x_wconf 88' lang='lat' dir='ltr'>excipere</span> <span class='ocrx_word' id='word_1_218' title='bbox 486 3585 582 3649; x_wconf 87' lang='lat' dir='ltr'>liceat</span> <span class='ocrx_word' id='word_1_219' title='bbox 602 3583 659 3671; x_wconf 77' lang='lat'>(2),</span> 
     </span>
    </p>
   </div>
   <div class='ocr_carea' id='block_1_9' title="bbox 259 3683 1293 3782">
    <p class='ocr_par' dir='ltr' id='par_1_11' title="bbox 259 3683 1293 3782">
     <span class='ocr_line' id='line_1_33' title="bbox 259 3683 1293 3782; baseline 0.007 -32"><span class='ocrx_word' id='word_1_220' title='bbox 259 3683 293 3770; x_wconf 87' lang='grc'>3)</span> <span class='ocrx_word' id='word_1_221' title='bbox 317 3683 434 3768; x_wconf 90' lang='lat' dir='ltr'>quibus</span> <span class='ocrx_word' id='word_1_222' title='bbox 444 3685 616 3771; x_wconf 83' lang='lat' dir='ltr'>exlegibus</span> <span class='ocrx_word' id='word_1_223' title='bbox 627 3689 794 3774; x_wconf 89' lang='lat' dir='ltr'>ipseactor</span> <span class='ocrx_word' id='word_1_224' title='bbox 802 3690 1031 3778; x_wconf 86' lang='lat' dir='ltr'>paragraphen</span> <span class='ocrx_word' id='word_1_225' title='bbox 1040 3692 1293 3782; x_wconf 82' lang='lat' dir='ltr'>intenderit(3)·</span> 
     </span>
    </p>
   </div>
   <div class='ocr_carea' id='block_1_10' title="bbox 258 3822 1289 3919">
    <p class='ocr_par' dir='ltr' id='par_1_12' title="bbox 258 3822 1289 3919">
     <span class='ocr_line' id='line_1_34' title="bbox 258 3822 1289 3919; baseline 0.009 -36"><span class='ocrx_word' id='word_1_226' title='bbox 258 3822 496 3887; x_wconf 86' lang='lat' dir='ltr'>utAristoteles</span> <span class='ocrx_word' id='word_1_227' title='bbox 512 3830 546 3886; x_wconf 89' lang='lat' dir='ltr'>et</span> <span class='ocrx_word' id='word_1_228' title='bbox 558 3822 813 3913; x_wconf 88' lang='lat' dir='ltr'>Anaximenes¹)</span> <span class='ocrx_word' id='word_1_229' title='bbox 828 3829 1039 3915; x_wconf 84' lang='lat' dir='ltr'>praecipiunt,</span> <span class='ocrx_word' id='word_1_230' title='bbox 1055 3840 1091 3894; x_wconf 93' lang='lat' dir='ltr'>ut</span> <span class='ocrx_word' id='word_1_231' title='bbox 1102 3829 1289 3919; x_wconf 79' lang='lat' dir='ltr'>prooemio</span> 
     </span>
    </p>
   </div>
   <div class='ocr_carea' id='block_1_11' title="bbox 170 3941 1296 4145">
    <p class='ocr_par' dir='ltr' id='par_1_13' title="bbox 170 3941 1296 4145">
     <span class='ocr_line' id='line_1_35' title="bbox 170 3941 1296 4056; baseline 0.009 -26"><span class='ocrx_word' id='word_1_232' title='bbox 170 3941 172 3944; x_wconf 46' lang='lat'>&gt;</span> <span class='ocrx_word' id='word_1_233' title='bbox 249 3980 277 4044; x_wconf 82' lang='lat'>1)</span> <span class='ocrx_word' id='word_1_234' title='bbox 294 3977 330 4030; x_wconf 85' lang='lat' dir='ltr'>of.</span> <span class='ocrx_word' id='word_1_235' title='bbox 351 3948 486 4048; x_wconf 82' lang='lat' dir='ltr'>Spengeli</span> <span class='ocrx_word' id='word_1_236' title='bbox 513 3975 596 4031; x_wconf 87' lang='lat' dir='ltr'>rhett.</span> <span class='ocrx_word' id='word_1_237' title='bbox 615 3977 733 4035; x_wconf 79' lang='lat' dir='ltr'>Graece.</span> <span class='ocrx_word' id='word_1_238' title='bbox 757 3981 917 4050; x_wconf 76' lang='lat'>1.150.18‚</span> <span class='ocrx_word' id='word_1_239' title='bbox 942 3983 963 4037; x_wconf 90' lang='lat'>1.</span> <span class='ocrx_word' id='word_1_240' title='bbox 981 3984 1042 4038; x_wconf 78' lang='lat'>214.</span> <span class='ocrx_word' id='word_1_241' title='bbox 1066 3986 1099 4038; x_wconf 87' lang='lat'>11</span> <span class='ocrx_word' id='word_1_242' title='bbox 1120 3994 1221 4056; x_wconf 75' lang='lat' dir='ltr'>pron:</span> <span class='ocrx_word' id='word_1_243' title='bbox 1244 3975 1296 4031; x_wconf 60' lang='lat' dir='ltr'>&amp;fl</span> 
     </span>
     <span class='ocr_line' id='line_1_36' title="bbox 177 4059 1294 4145; baseline 0.013 -30"><span class='ocrx_word' id='word_1_244' title='bbox 177 4059 346 4121; x_wconf 81' lang='lat' dir='ltr'>Volkmanni</span> <span class='ocrx_word' id='word_1_245' title='bbox 355 4063 457 4122; x_wconf 85' lang='lat' dir='ltr'>librum</span> <span class='ocrx_word' id='word_1_246' title='bbox 465 4067 500 4119; x_wconf 87' lang='lat' dir='ltr'>de</span> <span class='ocrx_word' id='word_1_247' title='bbox 507 4071 567 4123; x_wconf 85' lang='lat' dir='ltr'>arte</span> <span class='ocrx_word' id='word_1_248' title='bbox 575 4063 714 4122; x_wconf 84' lang='lat' dir='ltr'>rhetorica</span> <span class='ocrx_word' id='word_1_249' title='bbox 723 4066 893 4123; x_wconf 84' lang='lat' dir='ltr'>Graecorum</span> <span class='ocrx_word' id='word_1_250' title='bbox 899 4068 1217 4145; x_wconf 78' lang='lat' dir='ltr'>Romanorumquepag.</span> <span class='ocrx_word' id='word_1_251' title='bbox 1227 4061 1294 4128; x_wconf 84' lang='grc'>90·</span> 
     </span>
    </p>
   </div>
   <div class='ocr_carea' id='block_1_12' title="bbox 0 0 1373 4658">
    <p class='ocr_par' dir='ltr' id='par_1_14' title="bbox 0 0 1373 4658">
     <span class='ocr_line' id='line_1_37' title="bbox 0 0 1373 4658; baseline 0 0"><span class='ocrx_word' id='word_1_252' title='bbox 0 0 1373 4658; x_wconf 95' lang='lat' dir='ltr'> </span> 
     </span>
    </p>
   </div>
  </div>
 </body>
</html>
