2700 4658
564 253 887 336 --49-4

126 442 220 507 uides
259 441 360 526 igitur
396 462 528 528 prorsus
561 441 659 507 aliam
686 442 846 509 rationem
883 443 1037 509 orationis
1070 443 1224 509 XXXIII

126 547 317 632 scriptorem
339 553 486 610 secutum
508 567 580 611 esse
603 554 699 632 atque
720 545 984 613 Demosthenem.
1032 557 1223 615 nontamen

123 659 248 714 temere
263 649 432 714 articulum
449 649 504 715 alii
519 650 642 715 nomini
657 649 819 716 adiectum
833 671 905 716 esse
919 650 974 716 alii
985 673 1051 717 non
1062 650 1223 718 adiectum

125 775 197 818 esse
238 741 489 819 existimandum
528 761 590 818 est:
628 775 704 818 nam
734 754 875 841 Apaturi
912 754 1078 821 aduersari
1106 778 1224 822 nomen

124 878 302 943 numquam
323 856 458 923 articulo
481 862 631 921 ornatum
653 865 710 940 est,
729 855 956 925 Parmenontis
980 868 1087 925 autern
1105 882 1222 926 nomen

117 959 297 1033 ¹articulum
327 982 453 1047 semper
482 959 581 1025 habet
610 969 748 1049 excepta
774 961 981 1049 paragrapho
1011 964 1137 1050 quinta,
1168 963 1223 1029 ubi

125 1065 268 1150 primum
290 1065 431 1150 positum
455 1071 512 1131 est.

213 1167 278 1232 iam
302 1189 390 1248 uero,
420 1187 483 1253 quo
506 1166 632 1233 facilior
654 1168 696 1232 sit
718 1177 919 1255 conspectus,
939 1170 974 1235 in
996 1171 1223 1237 enumerandis

126 1272 191 1350 eis,
221 1291 305 1357 quae
333 1294 354 1336 a
375 1269 605 1336 Demosthenis
632 1272 863 1337 consuetudine
883 1271 1047 1356 recedunt,
1069 1275 1223 1341 orationis

127 1371 277 1439 ordinem
300 1395 486 1459 sequemur:
692 1383 694 1386 ⁴

213 1478 241 1562 5.
267 1479 294 1541 l.
316 1479 423 1543 minus
445 1477 601 1543 adstricta
622 1486 672 1543 est
693 1478 814 1544 oratio:
837 1499 912 1543 nam
937 1480 971 1543 in
985 1476 1152 1543 enuntiato
1169 1483 1224 1544 ἵνα

124 1580 238 1662 μηδεὶς
249 1575 348 1669 ἀδικῇ
360 1581 487 1664 μηδένα
502 1580 569 1648 τῶν
581 1577 734 1667 ἐμπόρων
745 1579 814 1672 εἰκῇ
825 1580 975 1647 facillime
985 1580 1088 1647 omitti
1098 1587 1227 1669 poterat

127 1681 209 1773 εἰκῇ.
239 1682 273 1746 id
288 1683 375 1770 quod
391 1706 428 1750 eo
444 1687 549 1769 magis
564 1685 741 1751 notandum
758 1693 815 1766 est,
831 1685 917 1772 quod
932 1682 1002 1774 εὶκῇ
1015 1683 1049 1749 in
1061 1683 1147 1749 ueris
1159 1683 1224 1748 De·

127 1784 308 1856 mosthenis
330 1788 530 1855 orationibus
552 1810 616 1855 non
639 1797 689 1853 est
709 1789 773 1854 nisi
793 1789 829 1852 in
851 1789 907 1872 eis,
928 1804 1009 1874 quas
1035 1785 1224 1852 adulescens

127 1889 299 1976 conposuit
329 1889 489 1956 XXVIII.
516 1892 547 1974 5,
569 1890 680 1956 XXX.
710 1892 760 1960 20.
789 1899 958 1979 praeterea
979 1888 1048 1979 εἰκῇ
1070 1891 1224 1978 scriptum

126 1993 219 2059 uides
252 1993 379 2080 [Dem]
409 1993 649 2059 XXXXVIII.
668 1996 727 2076 43,
756 1994 838 2059 Isae.
865 1993 890 2059 I.
922 1993 951 2074 9,
979 1992 1079 2074 Isocr.
1101 1992 1148 2062 ΙΙ.
1171 1993 1223 2077 29,

127 2096 206 2162 IIII.
240 2098 290 2180 12,
323 2098 393 2179 136,
422 2096 514 2163 VIII.
545 2098 597 2182 30,
627 2098 679 2177 61,
707 2120 755 2186 ep.
785 2096 842 2163 VI.
871 2098 921 2177 11,
950 2096 1102 2163 Aeschin.
1123 2096 1150 2162 I.
1172 2096 1224 2162 52.

126 2200 266 2266 fortasse
277 2199 344 2292 εἰκῇ
357 2200 401 2265 ad
412 2201 620 2267 efficiundum
632 2201 775 2268 similiter
786 2200 936 2266 desinens
947 2196 1226 2286 (ὁμοιοτέλευτον)

129 2300 229 2394 ἀδικῇ
252 2301 323 2390 εἰκῇ
337 2305 498 2371 adiectum
514 2315 580 2371 est:
603 2327 798 2393 quamquam
813 2303 894 2370 haec
905 2301 1013 2388 figura
1027 2302 1227 2385 obscuratur,
1328 2300 1331 2305 ’

129 2408 209 2493 quia
230 2415 305 2494 post
328 2402 427 2497 ἀδικῇ
447 2407 536 2473 nulla
557 2419 606 2474 est
627 2431 732 2497 pausa
753 2409 865 2473 maior.

206 2511 244 2599 5.
267 2510 296 2574 2.
340 2513 407 2576 ἐπὶ
430 2508 492 2589 τὴν
512 2504 742 2597 παραγραφὴν
756 2503 990 2599 καταφεύγεινε
1007 2509 1226 2598 καταφεύγειν

127 2616 162 2679 in
185 2612 386 2678 orationibus
409 2614 668 2681 Demosthenicis
689 2615 895 2679 coniunctum
918 2620 982 2677 est:

219 2717 254 2802 a)
277 2738 351 2781 oum
374 2718 429 2782 ἐπί
451 2727 483 2783 et
505 2719 691 2783 accusatiuo
713 2739 886 2804 personae:
910 2715 1035 2783 XVIII.
1060 2716 1100 2781 19
1123 2738 1225 2781 κατα-

128 2814 263 2907 φεύγειν
274 2824 325 2908 ὲφ’
339 2817 437 2904 ύμάς,
452 2820 578 2888 XVIII.
589 2821 631 2887 97
644 2813 722 2896 τούς
738 2815 1015 2908 καταφεύγοντας
1030 2818 1081 2907 ἐφ’
1094 2812 1225 2900 αὐτούς’,

128 2921 223 2987 XXI.
240 2923 303 2988 213
327 2921 389 2990 τοῦ
404 2924 454 3009 ἐφ’
477 2921 564 3010 ὑμᾶς
579 2916 880 3014 καταπεφευγότος.

216 3025 252 3106 b)
274 3047 348 3090 curn
379 3030 422 3102 εὶς
452 3036 484 3093 et
514 3030 699 3099 accusatiuo
722 3048 897 3115 personae:
927 3025 1087 3091 XXVIII.
1117 3026 1160 3090 20
1182 3028 1225 3100 εὶς

127 3127 218 3215 ύμάς
243 3125 550 3218 καταπεφεύγαμεν,
576 3131 751 3218 [XXXX]
764 3132 785 3196 3
800 3136 843 3206 εὶς
859 3127 945 3214 ύμᾶς
961 3119 1226 3216 καταπεφευγώς,

126 3234 172 3300 ib.
198 3231 237 3297 18
269 3235 312 3307 εἰς
338 3228 427 3316 ὑμᾶς
449 3240 699 3322 καταπέφευγα,
723 3231 968 3320 [XXXXVII.]
994 3229 1041 3296 15.
1063 3222 1227 3318 καταφεύ-
1266 3233 1267 3237 ’

126 3357 199 3421 ’γαν
220 3339 264 3411 εἰς
287 3329 350 3414 τὴν
373 3327 569 3421 ἄνθρωπον,
591 3338 696 3404 LVII.
711 3341 755 3404 24
776 3342 820 3412 εἰς
838 3343 896 3404 ἕνα
911 3327 933 3414 ἢ
948 3334 1007 3400 δύο
1022 3329 1227 3422 ἀνθρώπους

129 3430 385 3526 κατεφεύγομεν,
408 3439 451 3508 11).
474 3439 516 3504 56
538 3446 728 3530 κατέφυγον
749 3445 793 3517 εἰς
815 3437 902 3526 ὑμᾶς
912 3439 949 3526 1).

218 3541 251 3626 c)
274 3563 348 3605 cum
369 3537 452 3626 πρός
481 3551 513 3607 et
542 3546 728 3611 accusatiuc
750 3564 925 3631 personae:
948 3541 1039 3608 VIII.
1063 3542 1101 3606 41
1126 3563 1226 3616 κατα·

131 3639 289 3734 φεύξεται
317 3638 402 3728 πρὸς
423 3642 520 3728 ὑμᾶς,
550 3647 622 3732 [X]
647 3648 688 3712 13
710 3646 764 3730 id,
786 3645 890 3712 LVII.
912 3646 954 3711 29
982 3643 1065 3733 πρὸς
1087 3636 1228 3718 τούτους

132 3741 236 3821 ὄντας
260 3756 427 3831 συγγενεῖς
449 3742 676 3837 καταφεύγειν.

205 4024 233 4087 1)
252 4020 293 4076 sic
311 4020 395 4075 etiam
408 4018 526 4076 nvllo
545 4021 593 4077 τὰς
612 4021 655 4076 εἰς’
667 4018 737 4088 ἀμᾶς
755 4018 906 4084 ἐποιήσατε
924 4015 1091 4090 καταφνγάε.
1128 4016 1229 4072 ceteris

136 4105 205 4161 locis
229 4108 266 4161 ad
290 4107 497 4162 substantiuum
522 4104 666 4180 καταφυγή
690 4106 767 4162 notio
792 4103 953 4159 direotIonis
976 4103 1075 4159 addita
1097 4120 1154 4159 non
1177 4108 1230 4173 est,

139 4193 175 4248 cf.
196 4191 379 4266 lxxxxvi]
400 4195 426 4263 9,
443 4191 530 4248 LIIII.
542 4194 585 4262 21,
607 4190 786 4265 [LV111.]65‚
806 4191 905 4264 [epist]
925 4191 1161 4257 3.11‚Aesehin.
1181 4191 1228 4245 III.

140 4281 199 4350 134,
217 4281 288 4338 Isae.
305 4280 341 4336 Π.
360 4281 403 4336 13.
1006 4349 1029 4400 4
