2700 4658
651 277 863 340 „60-

294 450 325 527 §.
346 446 397 512 22.
441 469 506 511 non
538 466 669 532 possum
699 467 765 511 uon
795 466 926 510 monere
953 445 1093 510 formam
1114 441 1306 529 παρασχή-

209 571 255 614 σο
261 572 341 631 μαι
361 549 450 635 apud
470 548 723 615 Demosthenem
745 570 811 614 non
832 570 905 613 esse
926 549 992 612 nisi
1011 550 1046 612 iu
1066 547 1215 612 oratione
1237 547 1309 613 XX

208 652 311 738 (126),
334 674 419 738 quae
433 653 473 722 ol.
497 654 559 719 106
574 676 604 718 a.
625 654 647 717 2
669 654 791 737 scripta
812 660 870 715 est
917 651 1049 737 reliquis
1070 650 1137 715 XV
1157 651 1249 732 loeis,
1270 660 1309 716 ut

208 757 243 820 in
265 756 414 822 omnibus
429 757 629 824 orationihus
645 755 873 843 suppositieiis,
887 764 937 819 est
950 757 1187 838 παρέξομαι.
1225 777 1307 818 num

209 859 364 926 credibile
398 870 448 925 est
473 859 724 925 Demosthenem
766 858 940 924 admodum
968 858 1075 921 uirum
1102 858 1138 920 in
1166 857 1309 923 formula

208 964 420 1029 usitatissima
454 964 642 1046 παρέξομαι
677 956 833 1046 μάρτυρα
869 962 1004 1026 alteram
1035 961 1189 1042 formam,
1222 983 1308 1048 quae

112 1063 115 1065 “
207 1065 415 1131 audientibus
437 1067 589 1152 quaesita
609 1065 791 1144 uidebatur,
813 1063 1003 1129 adhibuisse
1013 1064 1062 1149 ¹)?

293 1173 320 1251 ξ.
343 1169 394 1234 27.
437 1164 593 1253 μάρτυρά
612 1193 673 1251 μοι
695 1161 757 1233 τὸν
778 1159 884 1250 νόμον
904 1163 989 1231 εἶναι
1004 1165 1067 1230 τοῦ
1080 1160 1129 1252 μὴ
1144 1162 1307 1257 ὲγγυήσαῇ

210 1274 299 1337 σθαι
329 1274 388 1337 καὶ
415 1266 522 1336 αὐτὸν
544 1270 675 1337 τοῦτον.
710 1270 853 1350 ‚moleste
879 1270 1000 1334 dietum
1021 1291 1093 1335 esse
1116 1265 1178 1336 τὸν
1198 1266 1308 1353 νόμον

210 1376 266 1438 καὶ
288 1369 396 1440 αὐτὸν
417 1375 550 1439 τοῦτον(
578 1376 644 1438 iam
666 1374 839 1439 Dobraeus
860 1383 893 1437 et
913 1372 1102 1439 Dindorfius
1125 1383 1305 1438 senserunt

209 1478 382 1543 Dobraeus
408 1479 508 1563 igitur
530 1477 736 1543 scribendum
758 1477 959 1542 existimauit
977 1476 1066 1541 κατ’
1087 1468 1196 1542 αὐτὸν
1217 1475 1254 1560 (i.
1277 1498 1305 1540 e.

210 1575 272 1646 τὸν
293 1577 411 1667 νόμον)
433 1573 544 1664 τούτῳ
567 1581 602 1665 (ἰ.
624 1604 651 1647 e.
667 1580 852 1668 Apaturio).
894 1599 979 1665 quae
992 1567 1103 1644 tamen
1116 1580 1305 1644 coniectura

85 1709 89 1715 ⁴
209 1683 286 1748 ferri
308 1686 429 1770 nequit,
453 1706 519 1748 non
541 1686 618 1771 quia
638 1704 916 1770 superuacaneum
937 1690 987 1748 est
1007 1677 1095 1748 κατὰ
1116 1677 1238 1763 αὐτόν,
1267 1691 1305 1747 ut

211 1787 258 1851 ait
278 1786 478 1867 Dindorfius,
506 1787 564 1853 sed
585 1787 673 1874 quod
694 1789 783 1852 omni
804 1808 901 1852 sensu
922 1794 1026 1852 earet:
1054 1807 1131 1850 uam
1153 1794 1255 1866 aeter,
1277 1786 1306 1850 si

210 1911 305 1974 praes
334 1899 436 1973 esset,
473 1892 571 1955 etiam
601 1913 642 1956 ex
675 1891 732 1955 illa
758 1892 830 1975 lege
859 1890 972 1954 fuisset
1001 1883 1192 1975 (r’ryyrrrssoar'
1226 1888 1303 1974 ἅν);

209 2002 336 2056 tantum
356 1993 410 2056 lex
431 1995 495 2059 ista
509 1994 714 2081 impediebat,
735 1995 921 2080 quominus
934 1993 1081 2078 pecunia
1102 1991 1194 2055 ouius
1204 2012 1303 2076 praes

210 2094 316 2160 faetus
338 2105 417 2178 erat,
446 2097 489 2162 ab
511 2119 550 2163 eo
571 2098 764 2182 exigeretur.
811 2119 873 2162 nee
892 2117 972 2160 uero
992 2095 1117 2161 felicior
1136 2094 1199 2159 fuit
1219 2094 1304 2159 Din-

210 2198 338 2263 dorfius»
351 2198 372 2263 l.
395 2199 442 2279 el„
464 2221 538 2264 eum
559 2200 598 2264 el.
612 2203 654 2266 28
676 2195 908 2286 (ἠγγυησάμην
921 2192 982 2282 tyri
1003 2188 1114 2280 τούτῳ
1128 2188 1190 2262 τὸν
1204 2197 1301 2278 Han

209 2303 370 2387 μένοντα)
379 2301 441 2367 hoe
453 2303 658 2368 scribendum
669 2324 740 2367 esse
754 2304 931 2368 oonioeret:
948 2296 1185 2386 ἐγγυήσασθαι
1198 2294 1305 2366 αὐτὸν

211 2396 320 2488 τούτῳ
343 2405 605 2489 (Parmenontem
626 2404 813 2493 Apaturio):
836 2428 913 2470 nam
934 2407 1007 2492 quis
1027 2404 1159 2468 tandem
1180 2403 1304 2468 intelle-

209 2527 286 2590 gere
308 2517 415 2592 potest
429 2503 535 2575 αὐτὸν
549 2511 738 2596 pronomine
753 2509 918 2594 designari
931 2509 1190 2586 Parmenoutem‚
1210 2509 1303 2572 euius

211 2631 327 2674 nomen
349 2621 511 2695 postremo
533 2613 739 2700 paragrapho
760 2615 915 2678 uicesima
930 2615 1043 2700 quinta
1056 2609 1218 2697 prolatum
1232 2617 1303 2675 est?

210 2711 331 2777 tradita
365 2714 495 2799 quidem
532 2717 692 2802 scriptura
729 2716 777 2779 ita
806 2715 937 2781 defendi
968 2723 1076 2802 potest
1082 2763 1092 2795 ,
1128 2722 1166 2778 ut
1197 2707 1304 2779 αὐτὸν

212 2808 273 2878 τὸν
293 2811 399 2899 νόμον
420 2817 527 2902 ipsam
548 2816 653 2901 legem
675 2821 695 2886 i
716 2841 743 2884 e
765 2819 868 2884 uerba
888 2819 970 2904 legis
991 2818 1046 2905 (et
1060 2817 1222 2900 Kruegeri
1243 2824 1302 2880 art

209 2919 261 2982 51.
286 2919 315 2984 6.
337 2919 373 3003 8)
394 2921 545 3006 opposita
566 2943 638 2986 esse
659 2922 879 2988 existimemus
901 2925 957 3003 eis,
978 2944 1062 3009 quae
1082 2918 1212 3002 exlege
1226 2940 1301 2983 oon·

211 3030 381 3086 secuntur:
402 3025 620 3109 ,sponsionem
642 3047 728 3089 anno
749 3027 923 3111 praeterito
937 3026 1058 3090 factam
1071 3024 1197 3088 irritam
1210 3025 1302 3087 esse‘.

209 3122 266 3187 sed
303 3124 385 3190 haee
419 3127 502 3191 ratio
539 3117 741 3194 artificiosior
777 3138 834 3194 est
889 3136 993 3193 restat
1027 3127 1142 3212 igitur,
1175 3135 1213 3189 ut
1245 3125 1303 3188 καὶ

212 3312 420 3319 ---—-..—.

282 3419 308 3484 1)
325 3415 418 3472 forma
434 3417 489 3479 ἔξω
509 3416 597 3471 multo
615 3417 746 3472 usitatior
762 3424 825 3471 erut
842 3433 928 3488 quam
946 3415 1046 3482 σχήσω.

209 3505 265 3566 ἔξω
283 3505 359 3574 apud
368 3504 583 3558 Demosthenem
593 3535 627 3545 —
636 3504 798 3576 suppositas
815 3503 956 3558 orationes
968 3520 986 3558 a
997 3503 1072 3558 ueris
1081 3513 1140 3557 non
1154 3501 1303 3572 seiungam

282 3621 318 3631 -
336 3591 612 3662 duodeseptnagieus
629 3597 680 3657 est,
699 3590 790 3657 σχήσω
808 3592 940 3662 septiens,

209 3678 345 3745 α’νὲξσμσι
362 3677 414 3742 bie,

209 3764 349 3836 ἀφέξομαι
366 3770 475 3834 quater,
690 3763 886 3833 ἀπσσχῆσσμαι
902 3763 954 3828 bis,

697 3852 863 3916 κατασχήσω
880 3852 977 3920 semel,

207 3922 320 3990 μεθόξα
337 3922 391 3985 bis,

209 4007 323 4078 παρέξω
340 4009 436 4073 semel,

101 4163 104 4167 ,
212 4094 394 4168 ἆντιπσρέξω
411 4096 508 4163 semel,

210 4184 339 4258 προσέξω
355 4184 449 4248 semel,
505 4263 507 4266 Ι

210 4273 360 4341 συνὲξσμαι
377 4271 472 4327 semel.
