2700 4658
469 171 730 243 v--r--

85 348 123 405 ut
143 341 401 429 interpunctione
422 349 497 430 post
520 339 600 429 παρ’
626 343 749 409 ἐκείνου
774 344 880 430 posita
903 339 1183 430 ἀνθομολογησά-

85 464 184 527 μενος
205 438 289 527 node
311 443 433 516 τοῦτον
446 444 548 511 uerba
571 446 614 511 ad
635 448 784 534 proxima
807 448 968 536 pertinere
990 448 1183 520 existiment.

88 544 146 610 sed
159 546 239 612 haec
254 549 485 635 interpretatio,
497 551 645 637 quamuis
659 549 887 639 interpretibus
897 550 1063 639 placuerit,
1073 561 1183 620 tamen

80 649 139 719 uel
160 650 282 715 idcirco
310 652 388 717 ferri
409 673 475 718 non
496 662 618 740 potest,
651 652 737 741 quod
760 675 800 719 ea
822 662 955 740 accepta
976 654 1111 721 uerbum
1132 679 1181 722 re-

86 753 242 840 quiritur,
275 776 296 819 a
317 777 381 842 quo
410 750 471 834 τὰς
495 763 578 844 τρεῖς
601 759 806 824 accusatiuus
832 745 989 846 pendeat:
1020 779 1182 845 namquo

85 858 194 922 minus
218 849 282 933 τοὶς
305 864 390 944 τρεῖς
412 881 485 925 cum
499 860 632 927 Reiskio
647 859 691 926 ad
712 854 827 946 λαβών
844 861 1030 943 referamus,
1051 883 1183 950 prorsus

85 959 167 1026 illud
183 961 347 1051 prohibet,
366 961 452 1049 quod
466 970 533 1030 tres
553 962 626 1029 illas
644 963 749 1030 minas
778 986 844 1030 nun
859 972 949 1030 actor
971 965 1104 1050 accepit,
1122 963 1183 1029 sed

86 1063 285 1152 Apaturius,
317 1073 354 1128 ut
377 1064 514 1130 dilucide
536 1066 625 1154 bis1)
648 1066 727 1132 dicit
747 1069 818 1153 ipse
839 1075 961 1150 orator,
992 1068 1057 1132 iam
1086 1075 1183 1134 antea

86 1176 269 1254 acceperat.
307 1190 366 1234 nec
381 1169 590 1257 credipotest
605 1192 661 1236 eas
676 1169 719 1236 ab
735 1168 895 1257 Apaturio
910 1179 986 1236 ente
999 1170 1182 1258 pactionem

84 1273 194 1343 actori.
209 1271 348 1339 traditas
363 1294 451 1338 esse:
474 1294 578 1359 neque
601 1273 686 1338 eninr
706 1272 840 1338 dubium
863 1280 921 1356 est,
943 1273 1021 1361 quin
1042 1271 1096 1337 ille
1117 1292 1183 1352 ess,

86 1374 185 1440 simul
208 1384 305 1463 atque
328 1376 461 1462 accepit,
494 1375 722 1457 creditoribus,
754 1378 810 1462 qui
830 1374 1111 1443 uehementissime
1132 1397 1182 1441 re·

85 1478 284 1566 poscebant,
318 1478 486 1545 confestim
520 1478 705 1544 reddiderit.
764 1488 852 1545 recte
882 1479 982 1563 igitur
1009 1479 1182 1555 Darestius

85 1581 130 1651 H.
161 1579 314 1646 Wolfium
344 1591 473 1647 secutus
503 1577 867 1667 ἀνθομολογησάμενος
891 1602 965 1646 eum
991 1582 1183 1648 anteceden-

87 1684 176 1751 tibus
207 1684 316 1751 uerbis
345 1684 606 1770 coniungendum
636 1707 707 1750 esse
736 1687 844 1768 sensit.
888 1686 975 1772 quod
1003 1695 1111 1751 autem
1132 1687 1183 1751 uir

79 1788 141 1854 'ille
164 1788 278 1853 doctus
300 1788 398 1853 uertit
420 1789 508 1874 (pag.
531 1789 609 1876 203)
635 1789 677 1877 je
698 1809 751 1852 me
771 1788 810 1852 lis
833 1787 990 1873 subroger
1009 1810 1071 1876 par
1092 1788 1181 1875 Apa-

85 1893 214 1958 tourios
244 1890 326 1956 dans
355 1890 388 1954 la
417 1893 552 1957 ortance
583 1891 640 1957 des
668 1891 748 1958 trois
776 1892 880 1957 mines
909 1913 972 1978 que
997 1890 1182 1957 Parmenon

86 1983 176 2062 avait
196 1995 270 2082 dsja
290 1997 419 2060 versees
432 1997 476 2079 Ὗ,
498 1994 647 2080 equidem
662 1993 812 2060 assentiri
832 2009 897 2059 non
920 2014 1018 2081 queo:
1043 2015 1119 2058 nam
1141 1993 1182 2060 de

85 2097 301 2166 substituendi
331 2099 460 2162 notione
490 2097 583 2162 uerbi
612 2092 930 2182 ἀνθομολογεῖσθαι
959 2096 1094 2181 cogitari
1116 2117 1181 2162 non

84 2211 201 2290 potest,
223 2211 395 2290 propterea
408 2201 494 2288 quod
509 2221 729 2288 personawpro
745 2221 811 2286 qua
825 2199 959 2265 alteram
975 2199 1181 2267 substitutam

85 2328 157 2372 esse
178 2305 350 2371 Darestius
372 2304 459 2382 dicit,
482 2327 543 2370 nec
564 2304 750 2370 nominatur
771 2322 876 2390 neque
899 2324 940 2368 ex
963 2322 1088 2368 conexu
1109 2324 1179 2368 sen-

83 2410 257 2474 tentiarum
279 2408 420 2493 intellegi
441 2415 555 2495 potest.
599 2415 740 2473 ceterum
761 2405 818 2471 illa
838 2407 927 2471 uocis
950 2399 1029 2471 ἄντί
1051 2405 1180 2472 notione

86 2519 222 2599 accepta
244 2509 562 2595 ἀνθομολογεῖσθαι
583 2503 644 2584 τοὶς
667 2517 751 2592 τρεῖς
772 2508 860 2594 μνοῖς
886 2531 951 2574 non
974 2517 1059 2572 esset
1089 2508 1180 2584 ,alius

85 2784 214 2841 fiteretur
231 2801 261 2840 se
273 2799 375 2840 nonem
394 2798 473 2837 suam
487 2780 666 2836 uendidisse‘
703 2781 777 2835 idem
790 2779 843 2835 sibi
860 2781 1001 2852 persuasit
1010 2781 1178 2854 Rudolphns

85 2872 231 2930 Gneistius
249 2871 279 2926 in
290 2871 371 2936 libro,
390 2870 438 2941 qui
457 2868 621 2924 inscribitur
638 2868 694 2923 Die
706 2867 854 2923 formellen
865 2870 996 2940 vertrdge
1011 2869 1060 2923 des
1073 2885 1178 2924 neuem

22 3019 24 3023 ,
83 2958 254 3016 Bimischen
264 2955 527 3029 obligationsrechts
540 2953 569 3008 in
577 2952 781 3025 vergleichung
793 2953 844 3008 mit
857 2954 912 3009 den
921 2954 1176 3026 geschiiftsformen

84 3049 137 3103 des
154 3045 353 3103 Griechischen
371 3043 473 3109 rechts,
490 3039 615 3097 Berclini
641 3041 718 3110 1845,
735 3056 801 3111 pag.
823 3042 887 3096 435:
911 3040 1130 3116 ,ἅνθομολογοῖν
1147 3045 1179 3116 (t)

87 3131 213 3208 [kommt]
240 3131 287 3187 fiir
311 3130 373 3185 eine
405 3127 662 3202 gegenstipulation
693 3126 738 3181 bei
769 3127 974 3183 Demosthenes
1003 3146 1031 3200 g.
1056 3131 1176 3200 Apatur.

84 3221 145 3277 894.
163 3221 199 3274 24
216 3221 284 3275 vor.‘

129 3308 226 3376 41)’“Ι.
259 3302 436 3358 καὶτούτων
454 3299 649 3359 detonderis
667 3307 740 3373 τρεῖς
758 3298 783 3353 8.
819 3306 867 3352 καὶ
884 3297 932 3357 τοὶς
949 3308 1023 3372 τρεῖς
1041 3300 1072 3359 ἃς
1090 3322 1177 3368 προ.

87 3390 226 3462 eadricus
245 3381 334 3447 obses.

157 3480 187 3547 2)
203 3478 292 3532 uerba
311 3477 342 3548 je
364 3491 408 3530 me
437 3476 471 3529 fis
496 3475 631 3548 subroget
649 3473 798 3528 Darestius
820 3489 887 3545 pag.
909 3475 962 3530 214
980 3474 1023 3528 his
1042 3476 1177 3547 explicet:

89 3582 123 3621 en
142 3566 266 3620 d’antres
278 3568 381 3618 termes
400 3565 446 3635 „je
464 3563 582 3619 convins
600 3577 669 3616 avec
682 3559 864 3631 Apatourios‚
881 3560 947 3630 qu'il
966 3561 1076 3617 devrait
1092 3559 1178 3619 bmoi

89 3669 145 3709 non
164 3649 376 3706 bParmenon.“
413 3648 480 3703 c'est
497 3666 536 3703 un
549 3649 682 3706 novation
695 3664 749 3719 por
762 3647 945 3702 substitution
958 3648 1023 3703 d’un
1037 3649 1180 3706 erdaucier

89 3740 107 3796 b
127 3756 166 3794 nn
185 3743 272 3793 autre.
308 3736 337 3791 le
355 3737 472 3806 plupurt
490 3736 540 3790 des
557 3734 725 3807 interpretes
741 3734 894 3789 entendent
912 3740 1069 3791 outrement
1087 3736 1178 3793 ἄνθο-

87 3825 318 3900 μολογηοοίμενοο.
361 3822 440 3878 selon
464 3839 518 3878 eux
542 3821 569 3876 le
593 3837 657 3876 sens
682 3819 779 3877 serait:
805 3822 848 3893 „je
867 3820 902 3876 fis
921 3838 990 3877 avec
1007 3823 1178 3893 Apatourios

75 3929 143 3970 ,une
165 3910 333 3968 conventiou
354 3908 522 3980 produisant
548 3909 597 3964 des
620 3902 792 3980 obligations
817 3909 1026 3983 rtciproques.“
1063 3909 1133 3965 mais
1151 3910 1179 3964 la

88 3999 226 4071 particule
252 3999 318 4051 ἀντὶ
340 3997 464 4068 exprime
488 3994 570 4050 lidse
596 3995 631 4050 de
652 3994 831 4052 substitution
853 4001 883 4051 et
911 4013 967 4052 uon
985 3995 1055 4050 celle
1079 3995 1115 4051 de
1135 3996 1178 4052 rt·

89 4085 228 4159 ciprocite.
264 4084 332 4139 c'est
348 4083 420 4138 ainsi
439 4099 494 4155 que
518 4099 590 4138 nous
612 4087 746 4137 troumns
771 4082 842 4137 dans
861 4081 1054 4138 Demosthene
1079 4083 1178 4157 ἀντεγ-

87 4174 208 4246 γράφοιν
227 4186 295 4226 avec
313 4170 340 4224 le
358 4187 423 4225 sens
443 4170 478 4224 de
495 4167 697 4224 transscribere
715 4183 734 4222 a
753 4184 874 4240 persona
890 4170 920 4224 in
938 4184 1095 4247 personam.
