2700 4658
608 255 818 319 ..30-

170 422 276 505 studio
298 421 444 488 membra
457 421 640 508 aequabilia
657 422 813 489 reddendi
834 430 912 489 nata
926 431 975 491 ost
990 422 1105 490 diuisio
1120 425 1263 490 notionis

169 524 304 590 alicuius
325 547 383 615 per
404 524 482 591 οὔτε
502 564 545 574 -
567 525 643 591 οὔτε
665 526 793 611 effecta,
823 551 888 615 qua
908 525 1034 592 duobus
1055 528 1134 592 locis
1157 531 1262 594 oratio

172 629 334 694 astrictior
358 628 509 695 efficitur:

214 726 218 730 ⁸
274 733 304 797 3.
327 727 431 798 όίλλου
452 731 661 816 συμβολαίου
683 729 743 799 οὐκ
766 727 863 806 ὄντος
907 723 984 797 otiu
1005 733 1165 799 ναυτικοῦ

328 836 401 918 ἐμοὶ
423 828 506 920 ιιρός
530 833 654 900 τοῦτον
906 827 976 898 οὔτ’
999 837 1131 920 ἐγγείου.

257 941 306 1006 13.
327 939 399 1021 ἐμοὶ
419 938 481 1020 μὲν
503 930 580 1001 οὔτε
600 936 711 1021 μεῖζον
1192 934 1193 937 “

502 1040 571 1106 οὔτ’
593 1042 736 1106 ἔλαττον
746 1041 771 1127 ¹)

330 1137 414 1224 πρὸς
436 1135 542 1208 αὐτόν
564 1140 771 1227 συμβόλαιον
792 1148 931 1228 γέγονεν.
1013 1206 1018 1212 .

256 1246 298 1310 ad
321 1247 569 1311 concinnitatem
591 1247 807 1313 membrorum
830 1256 937 1312 autem
959 1268 1024 1310 non
1044 1270 1119 1312 raro
1135 1249 1265 1316 adoedit

170 1349 352 1415 decussatio
374 1385 414 1396 -—
439 1350 485 1413 sic
504 1344 652 1435 χιασμόν
672 1348 791 1418 Latine
813 1349 976 1439 appellare
997 1350 1101 1416 audeo
1124 1390 1175 1431 -,
1199 1376 1265 1440 qua

171 1453 389 1518 membrorum
411 1451 619 1522 collocatione
641 1453 787 1519 membra
809 1456 910 1519 artius
933 1461 1151 1522 conectuntur.
1182 1457 1221 1523 of.

275 1557 303 1641 ἕ.
326 1557 354 1622 3.
376 1553 652 1640 ἐγκαλοῦντος
674 1558 711 1623 δέ
722 1581 781 1641 μοι
792 1549 1070 1641 Ἁκατουρίουτολ
1084 1558 1193 1639 ψευδῆ
1208 1562 1265 1625 καὶ

376 1653 470 1742 παρῶ
492 1651 569 1734 τοὺς
591 1652 716 1744 νόμους
976 1659 1265 1745 δικαζομένου

256 1760 296 1828 σί.
317 1763 346 1841 ξ.
368 1763 388 1827 8
409 1757 549 1845 λαβὼν
572 1755 634 1838 τολς
655 1755 786 1848 ζμνῶς
808 1801 849 1812 -
873 1757 935 1837 τὰς
957 1770 1040 1846 τρεῖς
1063 1757 1264 1847 ἀνθομο-

170 1857 479 1948 λογησάμενος,
504 1866 541 1929 17
566 1863 801 1945 διαιτητὴς
823 1863 886 1942 ι’ίη
908 1860 993 1930 όἈ.
1017 1903 1058 1913 -
1081 1861 1142 1932 τόν
1164 1867 1198 1932 δέ
1220 1870 1269 1937 Π.

171 1969 228 2033 καὶ
259 1968 314 2051 ἐμὲ
342 1962 517 2042 ου’δενός
543 1972 714 2052 κυρίους
744 1966 873 2048 εἶναι,
900 1969 939 2033 19
969 1967 1267 2054 ἠφανισμένων

171 2071 239 2135 τῶν
272 2068 453 2147 συνθηκῶν
483 2071 540 2134 καὶ
563 2069 630 2138 τῶν
652 2071 835 2150 διαιτητῶν
856 2065 1202 2155 ἀντιλεγομένων
1225 2112 1266 2122 -

171 2169 217 2238 οὐ
249 2170 492 2258 γραφεισῶν
528 2169 633 2238 δέ
582 2179 700 2258 ἑτέρων
722 2171 906 2251 συνθηκῶν
936 2172 1004 2238 τῶν
1040 2175 1074 2239 δέ
1103 2173 1136 2252 ἐξ
1164 2171 1269 2261 ἀρχῆς

175 2271 502 2360 ἀφανισθεισῶν

277 2381 305 2459 ξ.
327 2377 357 2441 5.
382 2377 415 2461 a)
438 2369 495 2443 διολ
525 2379 559 2444 δέ
588 2373 627 2444 τό
658 2341 812 2464 ἀφῖχθαι
841 2379 1029 2464 πολλαχόσε
1061 2380 1117 2444 καὶ
1146 2373 1203 2445 διολ
1226 2378 1268 2444 τό
1334 2427 1338 2432 -

437 2478 521 2546 εἶναί
541 2505 600 2565 μοι
623 2505 685 2556 τας
707 2470 883 2570 διατριβὰς
905 2483 977 2565 ιιιρὶ
1001 2474 1041 2545 τό
1064 2473 1224 2567 ἐμπόρων

382 2581 416 2662 b)
435 2586 610 2669 ,γνωρίμως
632 2589 694 2671 ἐχω

388 2686 418 2771 o)
388 2696 511 2762 υτοῒς
532 2688 698 2762 πλεῖστοις
722 2687 788 2751 τῶν
809 2677 976 2756 πλεόντων
991 2686 1054 2765 τὴν
1073 2686 1270 2753 θάλατταν.

386 2789 417 2874 c)
441 2781 574 2866 τούτοις
597 2790 629 2854 δέ
651 2798 720 2864 τοῖς
742 2794 777 2855 ἐκ
799 2788 949 2868 Βυζαντί
949 2810 989 2852 ου

382 2890 417 2977 b)
440 2893 496 2957 καὶ
518 2887 608 2959 πάνυ
630 2893 711 2957 οὶκεί
712 2915 753 2966 αις
774 2890 905 2977 χρῶμαι

383 2993 416 3079 a)
439 2989 496 3060 διολ
519 2988 559 3059 τό
582 2993 797 3079 ἐνδιατρῖψαι
819 2988 959 3058 αὐτόθι.

260 3097 360 3177 ξ..28
383 3097 417 3180 ιι)
441 3098 516 3161 τίνα
553 3119 619 3180 γαρ
655 3096 772 3160 ἐλπίδα
811 3099 906 3180 ἐσχον
934 3118 1053 3161 τουτον
1082 3088 1268 3181 ἀποσχήσε-
1291 3172 1294 3177 ,

1081 3200 1170 3263 σθαί
1192 3220 1269 3282 μου,

382 3302 417 3388 b)
442 3302 482 3368 όν
504 3294 646 3376 αὐτός’
630 3296 832 3387 νμαγκῶκτιν
855 3295 900 3367 τῶ
922 3302 1036 3367 δίκαια
1057 3299 1215 3379 ποιῆσαις

174 3468 353 3476 -—-—---——-
370 3471 382 3475 .-

128 3583 132 3593 ·
174 3557 304 3628 sequenti
327 3559 409 3629 quani
434 3556 463 3610 in
486 3556 648 3610 memoriam
670 3557 807 3610 reuocant.
842 3555 963 3626 scriptor
981 3554 1116 3609 orationis
1134 3553 1268 3607 XXXIII

172 3661 229 3700 non
247 3661 312 3700 raro
331 3645 384 3700 hoo
403 3643 606 3700 sententiarum
624 3643 706 3713 quasi
724 3642 837 3697 uinculo
856 3642 976 3712 quodam
989 3657 1057 3696 unua
1075 3646 1131 3695 eat:
1150 3641 1186 3695 cf.
1200 3644 1218 3695 4
1231 3642 1269 3696 ὡς

109 3781 112 3788 .
173 3763 206 3773 -
220 3740 308 3794 τοῦτο,
325 3735 360 3790 35
373 3733 462 3788 ότι-
478 3737 562 3785 τοῦτο
576 3736 605 3784 θλ
622 3729 721 3785 ordine
739 3729 851 3785 inuento
865 3729 901 3784 28
912 3728 936 3782 ἃ
947 3728 983 3785 30
993 3726 1168 3783 τοῦτο-ότι.
1192 3727 1269 3782 adde

171 3821 206 3874 32
225 3823 370 3892 σκέψασθε
388 3826 503 3874 τοῦτο·
528 3817 559 3870 εἰ
575 3821 628 3886 μὲν
645 3819 703 3872 κτὲ.

242 3908 270 3978 1)
289 3909 354 3961 οὔτε
371 3910 471 3977 μεῖζον
490 3904 552 3959 οὔτ’
571 3903 689 3957 ἔλαττον
705 3924 741 3952 =
758 3903 866 3957 Λυδοῦ.
886 3902 908 3957 Ι.
926 3903 968 3968 29,
987 3901 1067 3957 Dem.
1083 3900 1187 3956 XVIII.
1208 3902 1268 3956 139.

172 3992 208 4047 ef.
228 4000 376 4064 praeterea
395 3997 459 4048 οὔτε
476 3987 579 4063 μικρόν
604 3990 669 4042 οὔτε
691 3994 761 4060 μέγα
785 3987 908 4044 XVHII.
929 3990 970 4059 17,
994 3991 1058 4042 οὔτε
1075 3991 1182 4060 μικρὰν
1202 3991 1268 4052 οὔτε

171 4078 294 4150 μιγόλην
312 4079 523 4150 [XXXXVIII.]
535 4079 578 4143 44,
603 4079 667 4130 οὔτε
681 4079 822 4146 πρότερον
841 4079 905 4129 οὔτε
923 4075 1041 4148 ὕστερον
1058 4075 1127 4132 ibid.
1139 4076 1182 4141 97,
1201 4079 1268 4142 ἐπη-

172 4167 283 4236 ρτοίζαιν
299 4188 349 4234 μοι
369 4174 487 4234 συνεχῶς
505 4171 553 4218 καὶ
569 4166 658 4234 μικροὶ
677 4170 725 4217 καὶ
741 4167 829 4233 μείζω
846 4163 926 4220 ΧΧΙ.
946 4164 988 4232 14,
1015 4167 1068 4219 ἕως
1085 4163 1122 4216 ἂν
1140 4165 1268 4226 οιόζηται

171 4247 205 4305 τό
224 4248 337 4324 οιιόφοι,
357 4255 394 4308 ῶν
411 4277 442 4309 τι
459 4258 558 4325 μεῖζον
576 4253 614 4306 ἄν
631 4272 662 4307 τε
680 4251 797 4322 ἔλαττον
813 4244 832 4326 ᾖ
850 4249 944 4307 VIIII.
962 4249 1005 4305 69.
