<?xml version="1.0" encoding="UTF-8"?>
<!DOCTYPE html PUBLIC "-//W3C//DTD XHTML 1.0 Transitional//EN"
    "http://www.w3.org/TR/xhtml1/DTD/xhtml1-transitional.dtd">
<html xmlns="http://www.w3.org/1999/xhtml" xml:lang="en" lang="en">
 <head>
  <title>
</title>
<meta http-equiv="Content-Type" content="text/html;charset=utf-8" />
  <meta name='ocr-system' content='tesseract 3.04.00' />
  <meta name='ocr-capabilities' content='ocr_page ocr_carea ocr_par ocr_line ocrx_word'/>
</head>
<body>
  <div class='ocr_page' id='page_1' title='image "./prolegomenonind00schugoog_0061.png"; bbox 0 0 2700 4658; ppageno 0'>
   <div class='ocr_carea' id='block_1_1' title="bbox 564 230 778 294">
    <p class='ocr_par' dir='ltr' id='par_1_1' title="bbox 564 230 778 294">
     <span class='ocr_line' id='line_1_1' title="bbox 564 230 778 294; baseline 0 -16"><span class='ocrx_word' id='word_1_1' title='bbox 564 230 778 294; x_wconf 75' lang='lat'>..44-</span> 
     </span>
    </p>
   </div>
   <div class='ocr_carea' id='block_1_2' title="bbox 211 398 1221 1008">
    <p class='ocr_par' dir='ltr' id='par_1_2' title="bbox 211 398 1221 1008">
     <span class='ocr_line' id='line_1_2' title="bbox 213 398 1220 490; baseline -0.003 -24"><span class='ocrx_word' id='word_1_2' title='bbox 213 399 345 490; x_wconf 84' lang='lat' dir='ltr'><strong>syllepsi</strong></span> <span class='ocrx_word' id='word_1_3' title='bbox 375 423 473 488; x_wconf 88' lang='lat' dir='ltr'><strong>quam</strong></span> <span class='ocrx_word' id='word_1_4' title='bbox 502 402 629 484; x_wconf 85' lang='lat' dir='ltr'><strong>dicunt,</strong></span> <span class='ocrx_word' id='word_1_5' title='bbox 650 403 746 469; x_wconf 86' lang='lat' dir='ltr'><strong>sicuti</strong></span> <span class='ocrx_word' id='word_1_6' title='bbox 773 402 808 468; x_wconf 90' lang='lat' dir='ltr'><strong>in</strong></span> <span class='ocrx_word' id='word_1_7' title='bbox 834 402 882 467; x_wconf 85' lang='lat' dir='ltr'><strong>eis</strong></span> <span class='ocrx_word' id='word_1_8' title='bbox 910 422 995 489; x_wconf 83' lang='lat' dir='ltr'><strong>qnae</strong></span> <span class='ocrx_word' id='word_1_9' title='bbox 1024 398 1220 465; x_wconf 86' lang='lat' dir='ltr'><strong>antecedunt</strong></span> 
     </span>
     <span class='ocr_line' id='line_1_3' title="bbox 211 505 414 592; baseline 0.01 -23"><span class='ocrx_word' id='word_1_10' title='bbox 211 505 366 592; x_wconf 79' lang='lat' dir='ltr'><strong>exemplis</strong></span> <span class='ocrx_word' id='word_1_11' title='bbox 377 506 414 592; x_wconf 85' lang='lat'><strong>1).</strong></span> 
     </span>
     <span class='ocr_line' id='line_1_4' title="bbox 260 608 1221 697; baseline 0 -23"><span class='ocrx_word' id='word_1_12' title='bbox 260 608 305 694; x_wconf 92' lang='lat' dir='ltr'><strong>B)</strong></span> <span class='ocrx_word' id='word_1_13' title='bbox 334 628 492 678; x_wconf 72' lang='lat' dir='ltr'><strong>marma</strong></span> <span class='ocrx_word' id='word_1_14' title='bbox 508 629 700 680; x_wconf 75' lang='lat' dir='ltr'><strong>nnmxnor</strong></span> <span class='ocrx_word' id='word_1_15' title='bbox 714 627 960 697; x_wconf 69' lang='lat' dir='ltr'><strong>(nassamones</strong></span> <span class='ocrx_word' id='word_1_16' title='bbox 977 623 1221 691; x_wconf 75' lang='lat' dir='ltr'><strong>snnnrcmnas)</strong></span> 
     </span>
     <span class='ocr_line' id='line_1_5' title="bbox 259 712 993 903; baseline 0.003 -23"><span class='ocrx_word' id='word_1_17' title='bbox 259 712 557 903; x_wconf 56' lang='lat' dir='ltr'><strong>AAi2dmnda4dPrA</strong></span> <span class='ocrx_word' id='word_1_18' title='bbox 574 834 805 903; x_wconf 76' lang='lat' dir='ltr'><strong>(sacvnsrrs)</strong></span> <span class='ocrx_word' id='word_1_19' title='bbox 827 815 993 902; x_wconf 81' lang='lat'>(23-30).</span> 
     </span>
     <span class='ocr_line' id='line_1_6' title="bbox 290 916 1218 1008; baseline -0.003 -25"><span class='ocrx_word' id='word_1_20' title='bbox 290 919 399 1007; x_wconf 82' lang='grc' dir='ltr'>ΑΑΑ)</span> <span class='ocrx_word' id='word_1_21' title='bbox 423 930 628 1005; x_wconf 82' lang='lat' dir='ltr'><strong>argumenta,</strong></span> <span class='ocrx_word' id='word_1_22' title='bbox 656 943 739 1008; x_wconf 88' lang='lat' dir='ltr'><strong>quae</strong></span> <span class='ocrx_word' id='word_1_23' title='bbox 760 919 1018 985; x_wconf 75' lang='lat' dir='ltr'><strong>testimoniorum</strong></span> <span class='ocrx_word' id='word_1_24' title='bbox 1047 916 1218 1003; x_wconf 80' lang='lat' dir='ltr'>legumque</span> 
     </span>
    </p>
   </div>
   <div class='ocr_carea' id='block_1_3' title="bbox 284 1022 1237 3888">
    <p class='ocr_par' dir='ltr' id='par_1_3' title="bbox 414 1022 974 1108">
     <span class='ocr_line' id='line_1_7' title="bbox 414 1022 974 1108; baseline -0.005 -19"><span class='ocrx_word' id='word_1_25' title='bbox 414 1022 624 1089; x_wconf 81' lang='lat' dir='ltr'><strong>fundamento</strong></span> <span class='ocrx_word' id='word_1_26' title='bbox 646 1024 791 1089; x_wconf 84' lang='lat' dir='ltr'><strong>nituntur</strong></span> <span class='ocrx_word' id='word_1_27' title='bbox 811 1022 974 1108; x_wconf 82' lang='grc'>(23-27).</span> 
     </span>
    </p>

    <p class='ocr_par' dir='ltr' id='par_1_4' title="bbox 371 1109 1237 1317">
     <span class='ocr_line' id='line_1_8' title="bbox 371 1109 1237 1215; baseline -0.006 -23"><span class='ocrx_word' id='word_1_28' title='bbox 371 1127 415 1214; x_wconf 92' lang='grc'><strong>-1)</strong></span> <span class='ocrx_word' id='word_1_29' title='bbox 438 1129 590 1213; x_wconf 87' lang='lat' dir='ltr'><strong>temporis</strong></span> <span class='ocrx_word' id='word_1_30' title='bbox 611 1128 737 1192; x_wconf 89' lang='lat' dir='ltr'><strong>ratione</strong></span> <span class='ocrx_word' id='word_1_31' title='bbox 758 1125 890 1215; x_wconf 83' lang='lat' dir='ltr'><strong>probari</strong></span> <span class='ocrx_word' id='word_1_32' title='bbox 903 1133 1045 1189; x_wconf 86' lang='lat' dir='ltr'><strong>actorem</strong></span> <span class='ocrx_word' id='word_1_33' title='bbox 1067 1145 1133 1189; x_wconf 91' lang='lat' dir='ltr'><strong>non</strong></span> <span class='ocrx_word' id='word_1_34' title='bbox 1149 1109 1237 1188; x_wconf 82' lang='lat' dir='ltr'><strong>esse</strong></span> 
     </span>
     <span class='ocr_line' id='line_1_9' title="bbox 434 1230 774 1317; baseline 0.003 -21"><span class='ocrx_word' id='word_1_35' title='bbox 434 1230 588 1317; x_wconf 81' lang='lat' dir='ltr'><strong>praedem</strong></span> <span class='ocrx_word' id='word_1_36' title='bbox 608 1230 774 1317; x_wconf 83' lang='lat'>(23-26).</span> 
     </span>
    </p>

    <p class='ocr_par' dir='ltr' id='par_1_5' title="bbox 435 1329 1217 1421">
     <span class='ocr_line' id='line_1_10' title="bbox 435 1329 1217 1421; baseline -0.006 -22"><span class='ocrx_word' id='word_1_37' title='bbox 435 1335 631 1421; x_wconf 86' lang='lat' dir='ltr'><strong>Apaturinm</strong></span> <span class='ocrx_word' id='word_1_38' title='bbox 643 1334 814 1419; x_wconf 85' lang='lat' dir='ltr'><strong>pecuniam</strong></span> <span class='ocrx_word' id='word_1_39' title='bbox 837 1329 946 1396; x_wconf 80' lang='lat' dir='ltr'><strong>statim</strong></span> <span class='ocrx_word' id='word_1_40' title='bbox 967 1338 1042 1418; x_wconf 89' lang='lat' dir='ltr'><strong>post</strong></span> <span class='ocrx_word' id='word_1_41' title='bbox 1063 1330 1217 1395; x_wconf 89' lang='lat' dir='ltr'><strong>iudicium</strong></span> 
     </span>
    </p>

    <p class='ocr_par' dir='ltr' id='par_1_6' title="bbox 437 1434 1218 1522">
     <span class='ocr_line' id='line_1_11' title="bbox 437 1434 1218 1522; baseline -0.006 -19"><span class='ocrx_word' id='word_1_42' title='bbox 437 1447 626 1503; x_wconf 85' lang='lat' dir='ltr'><strong>exacturum</strong></span> <span class='ocrx_word' id='word_1_43' title='bbox 647 1436 755 1512; x_wconf 85' lang='lat' dir='ltr'><strong>fuisse,</strong></span> <span class='ocrx_word' id='word_1_44' title='bbox 778 1435 805 1499; x_wconf 88' lang='lat' dir='ltr'><strong>si</strong></span> <span class='ocrx_word' id='word_1_45' title='bbox 827 1434 880 1499; x_wconf 88' lang='lat' dir='ltr'><strong>ille</strong></span> <span class='ocrx_word' id='word_1_46' title='bbox 901 1455 997 1522; x_wconf 88' lang='lat' dir='ltr'><strong>praes</strong></span> <span class='ocrx_word' id='word_1_47' title='bbox 1019 1444 1121 1500; x_wconf 87' lang='lat' dir='ltr'><strong>esset:</strong></span> <span class='ocrx_word' id='word_1_48' title='bbox 1145 1457 1218 1499; x_wconf 85' lang='lat' dir='ltr'><strong>nam</strong></span> 
     </span>
    </p>

    <p class='ocr_par' dir='ltr' id='par_1_7' title="bbox 434 1535 1218 2344">
     <span class='ocr_line' id='line_1_12' title="bbox 435 1535 1218 1624; baseline -0.005 -19"><span class='ocrx_word' id='word_1_49' title='bbox 435 1562 569 1606; x_wconf 84' lang='lat' dir='ltr'><strong>caussas</strong></span> <span class='ocrx_word' id='word_1_50' title='bbox 591 1539 800 1605; x_wconf 80' lang='lat' dir='ltr'><strong>mercatorias</strong></span> <span class='ocrx_word' id='word_1_51' title='bbox 822 1537 910 1624; x_wconf 85' lang='lat' dir='ltr'><strong>apud</strong></span> <span class='ocrx_word' id='word_1_52' title='bbox 930 1535 1054 1602; x_wconf 86' lang='lat' dir='ltr'><strong>iudices</strong></span> <span class='ocrx_word' id='word_1_53' title='bbox 1075 1537 1218 1603; x_wconf 78' lang='lat' dir='ltr'><strong>celeriter</strong></span> 
     </span>
     <span class='ocr_line' id='line_1_13' title="bbox 434 1642 591 1731; baseline 0.025 -23"><span class='ocrx_word' id='word_1_54' title='bbox 434 1645 489 1729; x_wconf 86' lang='lat' dir='ltr'><strong>agi</strong></span> <span class='ocrx_word' id='word_1_55' title='bbox 512 1642 591 1731; x_wconf 86' lang='grc'>(23).</span> 
     </span>
     <span class='ocr_line' id='line_1_14' title="bbox 434 1744 492 1810; baseline 0 -1"><span class='ocrx_word' id='word_1_56' title='bbox 434 1744 492 1810; x_wconf 89' lang='lat' dir='ltr'><strong>sed</strong></span> 
     </span>
     <span class='ocr_line' id='line_1_15' title="bbox 435 1844 1218 1935; baseline -0.001 -23"><span class='ocrx_word' id='word_1_57' title='bbox 435 1849 470 1935; x_wconf 84' lang='lat' dir='ltr'><strong>a)</strong></span> <span class='ocrx_word' id='word_1_58' title='bbox 492 1871 557 1913; x_wconf 91' lang='lat' dir='ltr'><strong>non</strong></span> <span class='ocrx_word' id='word_1_59' title='bbox 593 1848 701 1911; x_wconf 87' lang='lat' dir='ltr'><strong>statim</strong></span> <span class='ocrx_word' id='word_1_60' title='bbox 732 1853 806 1931; x_wconf 88' lang='lat' dir='ltr'><strong>post</strong></span> <span class='ocrx_word' id='word_1_61' title='bbox 840 1844 995 1910; x_wconf 89' lang='lat' dir='ltr'><strong>iudicium</strong></span> <span class='ocrx_word' id='word_1_62' title='bbox 1024 1844 1218 1931; x_wconf 82' lang='lat' dir='ltr'><strong>Apaturium</strong></span> 
     </span>
     <span class='ocr_line' id='line_1_16' title="bbox 491 1949 1216 2039; baseline -0.003 -24"><span class='ocrx_word' id='word_1_63' title='bbox 491 1952 665 2039; x_wconf 86' lang='lat' dir='ltr'><strong>pecuniam</strong></span> <span class='ocrx_word' id='word_1_64' title='bbox 678 1950 827 2035; x_wconf 80' lang='lat' dir='ltr'><strong>exegisse</strong></span> <span class='ocrx_word' id='word_1_65' title='bbox 842 1949 906 2036; x_wconf 90' lang='grc'>(24.</span> <span class='ocrx_word' id='word_1_66' title='bbox 916 1949 1009 2035; x_wconf 64' lang='lat'>252),</span> <span class='ocrx_word' id='word_1_67' title='bbox 1023 1970 1216 2036; x_wconf 85' lang='lat' dir='ltr'><strong>quamquam</strong></span> 
     </span>
     <span class='ocr_line' id='line_1_17' title="bbox 493 2050 1218 2140; baseline -0.004 -23"><span class='ocrx_word' id='word_1_68' title='bbox 493 2056 530 2140; x_wconf 85' lang='grc' dir='ltr'><strong>α)</strong></span> <span class='ocrx_word' id='word_1_69' title='bbox 552 2074 612 2119; x_wconf 89' lang='lat' dir='ltr'><strong>nec</strong></span> <span class='ocrx_word' id='word_1_70' title='bbox 633 2051 700 2118; x_wconf 89' lang='lat' dir='ltr'><strong>ulla</strong></span> <span class='ocrx_word' id='word_1_71' title='bbox 714 2053 875 2118; x_wconf 75' lang='lat' dir='ltr'><strong>amicitiae</strong></span> <span class='ocrx_word' id='word_1_72' title='bbox 895 2052 1022 2117; x_wconf 87' lang='lat' dir='ltr'><strong>ratione</strong></span> <span class='ocrx_word' id='word_1_73' title='bbox 1038 2050 1218 2138; x_wconf 88' lang='lat' dir='ltr'><strong>prohibitus</strong></span> 
     </span>
     <span class='ocr_line' id='line_1_18' title="bbox 551 2154 1216 2243; baseline -0.003 -22"><span class='ocrx_word' id='word_1_74' title='bbox 551 2164 653 2221; x_wconf 86' lang='lat' dir='ltr'><strong>esset:</strong></span> <span class='ocrx_word' id='word_1_75' title='bbox 669 2178 746 2219; x_wconf 89' lang='lat' dir='ltr'><strong>nam</strong></span> <span class='ocrx_word' id='word_1_76' title='bbox 761 2155 963 2220; x_wconf 86' lang='lat' dir='ltr'><strong>seuerissime</strong></span> <span class='ocrx_word' id='word_1_77' title='bbox 978 2161 1075 2219; x_wconf 85' lang='lat' dir='ltr'><strong>antea</strong></span> <span class='ocrx_word' id='word_1_78' title='bbox 1091 2154 1133 2219; x_wconf 89' lang='lat' dir='ltr'><strong>ab</strong></span> <span class='ocrx_word' id='word_1_79' title='bbox 1148 2156 1216 2243; x_wconf 92' lang='lat' dir='ltr'><strong>ipsc</strong></span> 
     </span>
     <span class='ocr_line' id='line_1_19' title="bbox 549 2256 1217 2344; baseline -0.003 -21"><span class='ocrx_word' id='word_1_80' title='bbox 549 2268 694 2323; x_wconf 85' lang='lat' dir='ltr'><strong>actorem</strong></span> <span class='ocrx_word' id='word_1_81' title='bbox 705 2256 843 2322; x_wconf 84' lang='lat' dir='ltr'>XXXX</span> <span class='ocrx_word' id='word_1_82' title='bbox 856 2258 962 2322; x_wconf 87' lang='lat' dir='ltr'><strong>minas</strong></span> <span class='ocrx_word' id='word_1_83' title='bbox 975 2259 1123 2342; x_wconf 84' lang='lat' dir='ltr'><strong>exegisse</strong></span> <span class='ocrx_word' id='word_1_84' title='bbox 1138 2258 1217 2344; x_wconf 81' lang='grc'>(24),</span> 
     </span>
    </p>

    <p class='ocr_par' dir='ltr' id='par_1_8' title="bbox 492 2360 1217 2552">
     <span class='ocr_line' id='line_1_20' title="bbox 492 2360 1217 2450; baseline -0.003 -23"><span class='ocrx_word' id='word_1_85' title='bbox 492 2362 530 2450; x_wconf 78' lang='grc' dir='ltr'><strong>β)</strong></span> <span class='ocrx_word' id='word_1_86' title='bbox 551 2369 584 2427; x_wconf 88' lang='lat' dir='ltr'><strong>et</strong></span> <span class='ocrx_word' id='word_1_87' title='bbox 605 2382 731 2426; x_wconf 87' lang='lat' dir='ltr'><strong>summa</strong></span> <span class='ocrx_word' id='word_1_88' title='bbox 751 2360 861 2448; x_wconf 88' lang='lat' dir='ltr'><strong>inopia</strong></span> <span class='ocrx_word' id='word_1_89' title='bbox 892 2382 1024 2448; x_wconf 87' lang='lat' dir='ltr'><strong>pressus</strong></span> <span class='ocrx_word' id='word_1_90' title='bbox 1045 2360 1161 2426; x_wconf 86' lang='lat' dir='ltr'><strong>fuisset</strong></span> <span class='ocrx_word' id='word_1_91' title='bbox 1182 2381 1217 2425; x_wconf 90' lang='lat' dir='ltr'><strong>eo</strong></span> 
     </span>
     <span class='ocr_line' id='line_1_21' title="bbox 548 2463 914 2552; baseline 0 -24"><span class='ocrx_word' id='word_1_92' title='bbox 548 2466 618 2552; x_wconf 90' lang='lat' dir='ltr'><strong>ipso</strong></span> <span class='ocrx_word' id='word_1_93' title='bbox 639 2474 785 2550; x_wconf 85' lang='lat' dir='ltr'><strong>tempore</strong></span> <span class='ocrx_word' id='word_1_94' title='bbox 807 2464 864 2549; x_wconf 86' lang='grc'><strong>(25</strong></span> <span class='ocrx_word' id='word_1_95' title='bbox 872 2463 914 2549; x_wconf 88' lang='lat' dir='ltr'><strong>a).</strong></span> 
     </span>
    </p>

    <p class='ocr_par' dir='ltr' id='par_1_9' title="bbox 434 2565 1221 3272">
     <span class='ocr_line' id='line_1_22' title="bbox 434 2565 1217 2658; baseline -0.004 -25"><span class='ocrx_word' id='word_1_96' title='bbox 434 2570 468 2656; x_wconf 87' lang='lat' dir='ltr'><strong>b)</strong></span> <span class='ocrx_word' id='word_1_97' title='bbox 490 2576 620 2658; x_wconf 87' lang='lat' dir='ltr'><strong>postero</strong></span> <span class='ocrx_word' id='word_1_98' title='bbox 651 2589 736 2632; x_wconf 85' lang='lat' dir='ltr'><strong>anno</strong></span> <span class='ocrx_word' id='word_1_99' title='bbox 764 2566 807 2632; x_wconf 85' lang='lat' dir='ltr'><strong>ab</strong></span> <span class='ocrx_word' id='word_1_100' title='bbox 835 2567 996 2653; x_wconf 86' lang='lat' dir='ltr'><strong>Apaturio</strong></span> <span class='ocrx_word' id='word_1_101' title='bbox 1026 2587 1092 2630; x_wconf 92' lang='lat' dir='ltr'><strong>non</strong></span> <span class='ocrx_word' id='word_1_102' title='bbox 1122 2565 1217 2632; x_wconf 90' lang='lat' dir='ltr'><strong>modo</strong></span> 
     </span>
     <span class='ocr_line' id='line_1_23' title="bbox 492 2670 1218 2751; baseline -0.004 -14"><span class='ocrx_word' id='word_1_103' title='bbox 492 2693 557 2738; x_wconf 89' lang='lat' dir='ltr'><strong>non</strong></span> <span class='ocrx_word' id='word_1_104' title='bbox 587 2681 775 2736; x_wconf 85' lang='lat' dir='ltr'><strong>accusatum</strong></span> <span class='ocrx_word' id='word_1_105' title='bbox 804 2690 875 2734; x_wconf 85' lang='lat' dir='ltr'><strong>esse</strong></span> <span class='ocrx_word' id='word_1_106' title='bbox 902 2678 1063 2751; x_wconf 88' lang='lat' dir='ltr'><strong>actorem,</strong></span> <span class='ocrx_word' id='word_1_107' title='bbox 1091 2670 1150 2734; x_wconf 89' lang='lat' dir='ltr'><strong>sed</strong></span> <span class='ocrx_word' id='word_1_108' title='bbox 1179 2691 1218 2734; x_wconf 90' lang='lat' dir='ltr'><strong>ne</strong></span> 
     </span>
     <span class='ocr_line' id='line_1_24' title="bbox 490 2771 1219 2861; baseline 0 -23"><span class='ocrx_word' id='word_1_109' title='bbox 490 2775 643 2861; x_wconf 88' lang='lat' dir='ltr'><strong>priuatim</strong></span> <span class='ocrx_word' id='word_1_110' title='bbox 652 2771 1219 2860; x_wconf 86' lang='lat' dir='ltr'><strong>quidemadmonitum‚ntpecnniam</strong></span> 
     </span>
     <span class='ocr_line' id='line_1_25' title="bbox 490 2875 773 2963; baseline 0.007 -22"><span class='ocrx_word' id='word_1_111' title='bbox 490 2876 646 2963; x_wconf 89' lang='lat' dir='ltr'><strong>penderet</strong></span> <span class='ocrx_word' id='word_1_112' title='bbox 667 2875 773 2963; x_wconf 72' lang='lat' dir='ltr'><strong>(tob).</strong></span> 
     </span>
     <span class='ocr_line' id='line_1_26' title="bbox 487 2977 1221 3045; baseline 0 -2"><span class='ocrx_word' id='word_1_113' title='bbox 487 3000 527 3044; x_wconf 89' lang='lat' dir='ltr'><strong>sc</strong></span> <span class='ocrx_word' id='word_1_114' title='bbox 562 2989 672 3045; x_wconf 86' lang='lat' dir='ltr'><strong>tamen</strong></span> <span class='ocrx_word' id='word_1_115' title='bbox 705 2977 844 3043; x_wconf 87' lang='lat' dir='ltr'><strong>Athenis</strong></span> <span class='ocrx_word' id='word_1_116' title='bbox 880 2985 1113 3042; x_wconf 85' lang='lat' dir='ltr'><strong>commoratum</strong></span> <span class='ocrx_word' id='word_1_117' title='bbox 1150 3000 1221 3043; x_wconf 88' lang='lat' dir='ltr'><strong>esse</strong></span> 
     </span>
     <span class='ocr_line' id='line_1_27' title="bbox 490 3077 1221 3168; baseline 0.003 -24"><span class='ocrx_word' id='word_1_118' title='bbox 490 3083 764 3168; x_wconf 83' lang='lat' dir='ltr'><strong>Apaturium‚qno</strong></span> <span class='ocrx_word' id='word_1_119' title='bbox 773 3089 917 3166; x_wconf 85' lang='lat' dir='ltr'><strong>tempore</strong></span> <span class='ocrx_word' id='word_1_120' title='bbox 930 3077 1003 3144; x_wconf 91' lang='lat' dir='ltr'><strong>lites</strong></span> <span class='ocrx_word' id='word_1_121' title='bbox 1009 3082 1221 3146; x_wconf 87' lang='lat' dir='ltr'><strong>mercatorias</strong></span> 
     </span>
     <span class='ocr_line' id='line_1_28' title="bbox 483 3184 822 3272; baseline -0.003 -26"><span class='ocrx_word' id='word_1_122' title='bbox 483 3184 650 3272; x_wconf 82' lang='lat' dir='ltr'><strong>intendere</strong></span> <span class='ocrx_word' id='word_1_123' title='bbox 672 3184 822 3261; x_wconf 85' lang='lat' dir='ltr'><strong>licuisset,</strong></span> 
     </span>
    </p>

    <p class='ocr_par' dir='ltr' id='par_1_10' title="bbox 425 3284 913 3376">
     <span class='ocr_line' id='line_1_29' title="bbox 425 3284 913 3376; baseline -0.004 -26"><span class='ocrx_word' id='word_1_124' title='bbox 425 3303 635 3355; x_wconf 81' lang='lat' dir='ltr'><strong>rnsrrnorno</strong></span> <span class='ocrx_word' id='word_1_125' title='bbox 656 3285 813 3376; x_wconf 86' lang='lat' dir='ltr'><strong>probatur</strong></span> <span class='ocrx_word' id='word_1_126' title='bbox 835 3284 913 3371; x_wconf 85' lang='grc'>(26).</span> 
     </span>
    </p>

    <p class='ocr_par' dir='ltr' id='par_1_11' title="bbox 382 3387 1222 3786">
     <span class='ocr_line' id='line_1_30' title="bbox 382 3387 1222 3478; baseline 0.001 -24"><span class='ocrx_word' id='word_1_127' title='bbox 382 3391 415 3475; x_wconf 90' lang='grc'><strong>2)</strong></span> <span class='ocrx_word' id='word_1_128' title='bbox 437 3391 523 3455; x_wconf 91' lang='lat' dir='ltr'><strong>idem</strong></span> <span class='ocrx_word' id='word_1_129' title='bbox 553 3388 685 3478; x_wconf 90' lang='lat' dir='ltr'><strong>probari</strong></span> <span class='ocrx_word' id='word_1_130' title='bbox 714 3411 753 3454; x_wconf 90' lang='lat' dir='ltr'><strong>ea</strong></span> <span class='ocrx_word' id='word_1_131' title='bbox 774 3387 864 3474; x_wconf 86' lang='lat' dir='ltr'><strong>lege,</strong></span> <span class='ocrx_word' id='word_1_132' title='bbox 894 3409 977 3474; x_wconf 85' lang='lat' dir='ltr'><strong>qnae</strong></span> <span class='ocrx_word' id='word_1_133' title='bbox 999 3409 1127 3452; x_wconf 86' lang='lat' dir='ltr'><strong>annuas</strong></span> <span class='ocrx_word' id='word_1_134' title='bbox 1149 3412 1222 3475; x_wconf 86' lang='lat' dir='ltr'><strong>esse</strong></span> 
     </span>
     <span class='ocr_line' id='line_1_31' title="bbox 436 3491 1220 3582; baseline -0.001 -24"><span class='ocrx_word' id='word_1_135' title='bbox 436 3493 627 3582; x_wconf 86' lang='lat' dir='ltr'><strong>sponsiones</strong></span> <span class='ocrx_word' id='word_1_136' title='bbox 640 3492 759 3558; x_wconf 82' lang='lat' dir='ltr'><strong>iubeat</strong></span> <span class='ocrx_word' id='word_1_137' title='bbox 796 3492 940 3557; x_wconf 72' lang='lat' dir='ltr'><strong>futurum</strong></span> <span class='ocrx_word' id='word_1_138' title='bbox 957 3491 1057 3556; x_wconf 86' lang='lat' dir='ltr'><strong>fuisse</strong></span> <span class='ocrx_word' id='word_1_139' title='bbox 1079 3501 1116 3556; x_wconf 86' lang='lat' dir='ltr'><strong>ut</strong></span> <span class='ocrx_word' id='word_1_140' title='bbox 1130 3492 1220 3580; x_wconf 83' lang='lat' dir='ltr'><strong>Apa-</strong></span> 
     </span>
     <span class='ocr_line' id='line_1_32' title="bbox 439 3595 1220 3680; baseline 0 -20"><span class='ocrx_word' id='word_1_141' title='bbox 439 3596 544 3661; x_wconf 87' lang='lat' dir='ltr'><strong>turius</strong></span> <span class='ocrx_word' id='word_1_142' title='bbox 558 3605 645 3661; x_wconf 81' lang='lat' dir='ltr'><strong>certe</strong></span> <span class='ocrx_word' id='word_1_143' title='bbox 666 3595 753 3660; x_wconf 84' lang='lat' dir='ltr'><strong>intra</strong></span> <span class='ocrx_word' id='word_1_144' title='bbox 775 3595 852 3658; x_wconf 84' lang='lat' dir='ltr'><strong>anni</strong></span> <span class='ocrx_word' id='word_1_145' title='bbox 868 3595 1008 3680; x_wconf 85' lang='lat' dir='ltr'><strong>spatium</strong></span> <span class='ocrx_word' id='word_1_146' title='bbox 1022 3604 1164 3660; x_wconf 80' lang='lat' dir='ltr'><strong>actorem</strong></span> <span class='ocrx_word' id='word_1_147' title='bbox 1186 3598 1220 3660; x_wconf 91' lang='lat' dir='ltr'><strong>in</strong></span> 
     </span>
     <span class='ocr_line' id='line_1_33' title="bbox 438 3696 1219 3786; baseline 0.001 -24"><span class='ocrx_word' id='word_1_148' title='bbox 438 3700 638 3778; x_wconf 81' lang='lat' dir='ltr'><strong>insuccaret,</strong></span> <span class='ocrx_word' id='word_1_149' title='bbox 653 3697 716 3762; x_wconf 86' lang='lat' dir='ltr'><strong>nisi</strong></span> <span class='ocrx_word' id='word_1_150' title='bbox 724 3697 808 3762; x_wconf 87' lang='lat' dir='ltr'><strong>alins</strong></span> <span class='ocrx_word' id='word_1_151' title='bbox 820 3696 893 3782; x_wconf 91' lang='lat' dir='ltr'><strong>quis</strong></span> <span class='ocrx_word' id='word_1_152' title='bbox 905 3697 1219 3786; x_wconf 62' lang='lat' dir='ltr'><strong>praesfuissetffli).</strong></span> 
     </span>
    </p>

    <p class='ocr_par' dir='ltr' id='par_1_12' title="bbox 284 3799 1219 3888">
     <span class='ocr_line' id='line_1_34' title="bbox 284 3799 1219 3888; baseline 0.002 -24"><span class='ocrx_word' id='word_1_153' title='bbox 284 3799 386 3888; x_wconf 86' lang='grc' dir='ltr'>ΒΒΒ)</span> <span class='ocrx_word' id='word_1_154' title='bbox 410 3811 601 3886; x_wconf 84' lang='lat' dir='ltr'><strong>argumenta</strong></span> <span class='ocrx_word' id='word_1_155' title='bbox 616 3822 706 3865; x_wconf 85' lang='lat' dir='ltr'><strong>mera</strong></span> <span class='ocrx_word' id='word_1_156' title='bbox 720 3799 905 3866; x_wconf 83' lang='lat' dir='ltr'><strong>coniectura</strong></span> <span class='ocrx_word' id='word_1_157' title='bbox 926 3800 1040 3865; x_wconf 83' lang='lat' dir='ltr'><strong>effecta</strong></span> <span class='ocrx_word' id='word_1_158' title='bbox 1054 3799 1219 3886; x_wconf 87' lang='grc'>(28-30).</span> 
     </span>
    </p>
   </div>
   <div class='ocr_carea' id='block_1_4' title="bbox 125 3967 333 3975">
    <p class='ocr_par' dir='ltr' id='par_1_13' title="bbox 125 3967 333 3975">
     <span class='ocr_line' id='line_1_35' title="bbox 125 3967 333 3975; baseline 0.005 -1"><span class='ocrx_word' id='word_1_159' title='bbox 125 3967 333 3975; x_wconf 70' lang='lat'>———-.-—</span> 
     </span>
    </p>
   </div>
   <div class='ocr_carea' id='block_1_5' title="bbox 124 4051 1218 4212">
    <p class='ocr_par' dir='ltr' id='par_1_14' title="bbox 124 4051 1218 4212">
     <span class='ocr_line' id='line_1_36' title="bbox 192 4051 1218 4128; baseline -0.004 -19"><span class='ocrx_word' id='word_1_160' title='bbox 192 4057 221 4125; x_wconf 93' lang='grc'><strong>1)</strong></span> <span class='ocrx_word' id='word_1_161' title='bbox 239 4054 275 4110; x_wconf 87' lang='lat' dir='ltr'><strong>cf.</strong></span> <span class='ocrx_word' id='word_1_162' title='bbox 293 4053 427 4113; x_wconf 83' lang='lat' dir='ltr'>XXXVI·</span> <span class='ocrx_word' id='word_1_163' title='bbox 451 4055 494 4111; x_wconf 82' lang='grc'><strong>27.</strong></span> <span class='ocrx_word' id='word_1_164' title='bbox 529 4051 654 4120; x_wconf 76' lang='grc' dir='ltr'><strong>καὶ’ἁ’μα</strong></span> <span class='ocrx_word' id='word_1_165' title='bbox 677 4051 774 4120; x_wconf 69' lang='grc' dir='ltr'><strong><em>ἐπειδὴ</em></strong></span> <span class='ocrx_word' id='word_1_166' title='bbox 795 4051 936 4109; x_wconf 68' lang='grc' dir='ltr'><strong>ἀδύνατον</strong></span> <span class='ocrx_word' id='word_1_167' title='bbox 960 4056 1032 4128; x_wconf 71' lang='grc' dir='ltr'><strong>ἔγνω</strong></span> <span class='ocrx_word' id='word_1_168' title='bbox 1051 4053 1086 4106; x_wconf 78' lang='grc' dir='ltr'><strong>ὂν</strong></span> <span class='ocrx_word' id='word_1_169' title='bbox 1105 4053 1170 4110; x_wconf 72' lang='grc' dir='ltr'><strong><em>τούς</em></strong></span> <span class='ocrx_word' id='word_1_170' title='bbox 1188 4075 1218 4108; x_wconf 79' lang='grc' dir='ltr'><strong>τε</strong></span> 
     </span>
     <span class='ocr_line' id='line_1_37' title="bbox 124 4140 1218 4212; baseline -0.003 -17"><span class='ocrx_word' id='word_1_171' title='bbox 124 4140 334 4211; x_wconf 74' lang='grc' dir='ltr'><strong>συμβάλλοντας</strong></span> <span class='ocrx_word' id='word_1_172' title='bbox 357 4148 405 4195; x_wconf 82' lang='grc' dir='ltr'><strong>καὶ</strong></span> <span class='ocrx_word' id='word_1_173' title='bbox 428 4142 492 4199; x_wconf 66' lang='grc' dir='ltr'><strong><em>τοὺς</em></strong></span> <span class='ocrx_word' id='word_1_174' title='bbox 514 4140 658 4212; x_wconf 74' lang='grc' dir='ltr'><strong>μάρτυρας</strong></span> <span class='ocrx_word' id='word_1_175' title='bbox 679 4141 725 4194; x_wconf 77' lang='lat' dir='ltr'><strong>del</strong></span> <span class='ocrx_word' id='word_1_176' title='bbox 750 4144 812 4205; x_wconf 76' lang='grc' dir='ltr'><strong>ζῆν,</strong></span> <span class='ocrx_word' id='word_1_177' title='bbox 838 4143 891 4194; x_wconf 82' lang='grc' dir='ltr'><strong>τὸν</strong></span> <span class='ocrx_word' id='word_1_178' title='bbox 916 4141 1006 4209; x_wconf 79' lang='grc' dir='ltr'><strong><em>νόμον</em></strong></span> <span class='ocrx_word' id='word_1_179' title='bbox 1025 4140 1090 4196; x_wconf 67' lang='grc' dir='ltr'><strong>ἀντὶ</strong></span> <span class='ocrx_word' id='word_1_180' title='bbox 1108 4141 1218 4195; x_wconf 79' lang='grc' dir='ltr'><strong><em>τούτων</em></strong></span> 
     </span>
    </p>
   </div>
   <div class='ocr_carea' id='block_1_6' title="bbox 117 4225 951 4298">
    <p class='ocr_par' dir='ltr' id='par_1_15' title="bbox 117 4225 951 4298">
     <span class='ocr_line' id='line_1_38' title="bbox 117 4225 951 4298; baseline -0.006 -13"><span class='ocrx_word' id='word_1_181' title='bbox 117 4231 236 4297; x_wconf 55' lang='lat' dir='ltr'><strong>{dnum</strong></span> <span class='ocrx_word' id='word_1_182' title='bbox 255 4227 332 4286; x_wconf 73' lang='lat' dir='ltr'><strong>duwe</strong></span> <span class='ocrx_word' id='word_1_183' title='bbox 348 4227 477 4298; x_wconf 78' lang='grc' dir='ltr'><em>μάρτυς</em></span> <span class='ocrx_word' id='word_1_184' title='bbox 495 4230 538 4293; x_wconf 77' lang='grc' dir='ltr'><strong>εἴη</strong></span> <span class='ocrx_word' id='word_1_185' title='bbox 552 4232 607 4280; x_wconf 73' lang='grc' dir='ltr'><strong>Ιτοῦ</strong></span> <span class='ocrx_word' id='word_1_186' title='bbox 624 4225 736 4280; x_wconf 67' lang='lat' dir='ltr'><strong>diuolso</strong></span> <span class='ocrx_word' id='word_1_187' title='bbox 755 4233 813 4283; x_wconf 72' lang='lat' dir='ltr'><strong>vois</strong></span> <span class='ocrx_word' id='word_1_188' title='bbox 830 4225 951 4297; x_wconf 70' lang='grc' dir='ltr'><strong>ἐρήμοις.</strong></span> 
     </span>
    </p>
   </div>
   <div class='ocr_carea' id='block_1_7' title="bbox 0 0 1356 4658">
    <p class='ocr_par' dir='ltr' id='par_1_16' title="bbox 0 0 1356 4658">
     <span class='ocr_line' id='line_1_39' title="bbox 0 0 1356 4658; baseline 0 0"><span class='ocrx_word' id='word_1_189' title='bbox 0 0 1356 4658; x_wconf 95' lang='lat' dir='ltr'><strong> </strong></span> 
     </span>
    </p>
   </div>
  </div>
 </body>
</html>
