2700 4658
517 265 728 330 ..33-

73 433 289 521 spopondisse
310 435 443 519 negitet
487 435 515 499 si
540 435 626 499 enim
647 433 825 521 Apaturius
847 433 1005 521 praedem.
1022 456 1093 500 esee
1114 455 1166 500 ac·

72 544 178 602 torem
198 537 361 605 iudicibus
383 537 578 626 persuadere
599 546 735 623 poterat,
758 546 849 604 actor
867 536 1043 605 dissoluere
1057 537 1170 604 debuit

72 639 173 710 etiarn
198 640 227 705 ei
247 662 313 707 non
334 641 535 721 mercatoria,
558 649 593 704 at
614 638 679 705 alia
700 649 787 706 certe
808 642 935 709 actione
958 640 1138 709 damnatus

159 764 275 809 uerum
303 744 389 810 enim
417 765 495 811 uero
525 764 650 826 summo
680 766 776 831 opere
798 744 947 831 equidem
968 767 1097 828 uereor,
1126 768 1168 811 ne

73 855 186 912 orator
219 844 253 912 id
288 847 375 934 quod
411 845 514 913 noluit
550 845 708 912 iudicibus
743 847 883 933 probare
918 870 984 915 non
1018 849 1167 935 potuerit

71 950 214 1038 primum
237 949 367 1036 quidem
388 949 476 1017 nullo
491 949 675 1015 testimonio
696 948 951 1023 demonstratum
966 959 1015 1016 est
1029 950 1166 1037 Archip-

70 1075 150 1142 pum
181 1051 438 1140 Myrrhinusium
466 1074 525 1139 pro
553 1051 770 1119 Parmenontc
797 1055 1018 1141 spopondisse.
1068 1053 1167 1142 quid?

71 1178 182 1225 nonne
213 1154 396 1222 mirandum
418 1162 483 1236 est,
511 1154 599 1242 quod
620 1178 686 1221 non
705 1157 814 1245 ipsum
835 1156 1037 1246 Archippum
1059 1166 1168 1225 orator

73 1266 192 1329 testem
213 1258 387 1329 adhibuit?
430 1267 465 1325 at
486 1257 571 1323 dicet
594 1258 709 1344 aliquis
731 1260 934 1349 Archippum
955 1261 1105 1343 ueritum,
1125 1281 1168 1327 ne

70 1363 142 1451 ipse
164 1363 336 1451 pecuniam
358 1362 534 1429 dissoluere
556 1372 734 1446 cogeretur,
756 1364 974 1431 testimonium
997 1363 1091 1435 edere
1110 1385 1167 1430 no·

72 1466 183 1533 luisse.
236 1474 271 1533 at
295 1466 358 1533 hoc
379 1475 465 1532 certe
486 1465 682 1532 monendum
704 1476 774 1535 erat
796 1466 838 1533 ab
861 1475 989 1535 oratore
1010 1465 1168 1553 simulque

72 1580 144 1637 erat
174 1570 418 1658 exponendum,
446 1590 544 1656 quam
571 1571 667 1656 parui
691 1569 873 1658 putandum
903 1578 990 1636 esset
1009 1569 1168 1657 Archippi

73 1673 247 1746 silentium.
291 1672 355 1742 hae
374 1673 474 1759 igitur
488 1695 516 1738 >a
536 1682 629 1762 parte
651 1696 718 1748 non
738 1673 871 1743 dubium
894 1683 944 1741 est
957 1674 1035 1761 quin
1050 1673 1168 1741 actoris

73 1779 178 1845 oratio
209 1784 242 1842 et
270 1777 425 1843 acerrime
456 1783 488 1841 et
509 1775 693 1843 felicissime
713 1777 900 1864 impugnari
921 1776 1077 1864 potuerit,
1105 1775 1169 1841 nisi

72 1880 157 1947 forte
188 1878 374 1967 Archippus
406 1879 472 1947 iam
502 1880 582 1962 uita,
599 1888 756 1961 cesserat,
786 1880 873 1965 quod
902 1887 1011 1946 tamen
1042 1877 1169 1946 silentio

72 1982 330 2072 praetermittere
359 1989 469 2048 orator
496 2003 562 2047 non
584 1980 704 2049 debuit.
756 1983 873 2049 deinde
895 1992 1004 2050 orator
1024 2004 1091 2049 non
1113 1981 1167 2048 de·

73 2085 270 2158 monstrauit
297 2085 480 2173 pactionem
508 2083 628 2151 idcirco
663 2084 802 2154 deletam
833 2107 922 2168 esse,
958 2107 999 2152 ne
1028 2083 1170 2171 Apaturi

72 2191 185 2278 prauis
207 2188 347 2257 consiliis
370 2188 520 2254 obstaret.
565 2211 642 2254 nam
664 2209 860 2276 quamquam
881 2187 933 2254 bis
951 2190 1016 2272 §.3
1037 2196 1069 2254 et
1083 2193 1112 2272 ξ.
1129 2188 1169 2264 18

72 2293 235 2381 Eryxiam
256 2291 416 2359 medicum
435 2291 589 2359 Piraeum
610 2293 710 2359 totius
729 2293 797 2359 litis
818 2301 983 2367 auctorem
1004 2314 1075 2359 esse
1096 2314 1170 2378 pro·

74 2397 214 2481 nuntiat,
235 2404 346 2463 tamen
365 2404 479 2463 neutro
502 2395 573 2461 loco
587 2396 768 2463 rationibus
782 2417 852 2462 rem
866 2395 1006 2483 probare
1020 2395 1169 2461 instituit

73 2499 305 2588 opportuniore
327 2520 404 2566 uero
426 2497 614 2565 condicione
635 2498 697 2564 fuit
710 2499 906 2586 Apaturius:
928 2499 1069 2586 primum
1083 2498 1169 2562 enim

72 2602 252 2677 Aristocles
262 2605 289 2688 ¹.)
318 2610 494 2671 testaturus
520 2609 591 2667 erat
614 2608 755 2667 actorem
776 2623 835 2688 pro
856 2600 1072 2668 Parmenonte
1095 2620 1168 2685 spo·

71 2707 237 2796 pondisse.
280 2727 342 2771 nec
362 2727 412 2789 ea,
434 2726 517 2791 quae
539 2703 583 2768 ad
604 2703 774 2771 Aristoclis
795 2703 892 2771 fidem
906 2700 1170 2776 labefactandam

72 2809 115 2879 ab
148 2818 276 2877 oratore
296 2809 324 2894 d
346 2809 389 2877 38
420 2808 549 2895 prolata
571 2815 664 2884 sunt,
693 2806 919 2895 nisiApaturi
939 2807 1031 2873 iussu
1062 2807 1170 2892 pactio

73 2913 179 2983 deleta
194 2922 288 2995 esset,
302 2913 446 3006 futurum
462 2911 563 2979 fuisse
578 2919 614 2979 ut
627 2911 689 2975 iste
703 2910 912 2977 uehementer
926 2911 1029 2977 iratus
1043 2910 1169 2977 Aristo·

72 3017 156 3085 clem
185 3016 314 3082 nomine
343 3014 468 3081 deletae
496 3015 656 3101 pactionis
685 3014 879 3101 postularet,
908 3022 1034 3081 tantum
1060 3013 1171 3087 ualere

72 3119 154 3187 mihi
186 3119 354 3200 uidentur,
383 3127 420 3184 ut
449 3117 492 3184 ab
514 3117 673 3204 Apaturio
701 3118 780 3183 reici
808 3141 874 3184 non
895 3118 1067 3205 potuerint.
1116 3117 1170 3182 hic

74 3225 161 3291 enim
183 3221 344 3307 urguebat
365 3221 480 3307 opinor
497 3223 566 3289 sine
581 3221 696 3292 fraude
711 3230 744 3286 et
759 3220 832 3295 dolo
847 3220 1000 3287 tabellam
1015 3221 1170 3287 amissam

74 3349 146 3394 esse
169 3325 383 3414 exposuitque
403 3326 517 3411 magni
539 3348 598 3393 sua
620 3325 814 3404 interfuisse,
839 3326 971 3391 nesius
994 3325 1171 3412 susciperet

72 3429 270 3512 inimicitias,
292 3450 390 3517 quem
409 3428 520 3509 solurn¹
535 3437 651 3495 testem
674 3427 736 3497 sibi
756 3427 826 3494 fore
844 3427 999 3494 sciuisset.
1043 3448 1083 3493 ac
1097 3448 1170 3512 pro·

73 3535 161 3600 fecto
176 3556 242 3600 non
261 3534 329 3597 sine
345 3531 453 3618 aliqua
467 3531 706 3622 probabilitatis
721 3531 828 3617 specie
841 3530 948 3597 dicere
959 3529 1041 3598 haee
1051 3530 1171 3618 potuitt

73 3661 152 3707 narn
181 3643 290 3703 orator
319 3634 510 3720 neglexerat
539 3634 623 3709 illud,
648 3656 806 3719 urguere,
835 3656 898 3720 quo
925 3656 1050 3701 summo
1074 3654 1172 3720 opere

73 3738 229 3807 Aristocli
248 3737 345 3804 fidem
361 3737 531 3804 detrahere
545 3746 688 3826 poterat:
710 3736 849 3803 eundem
864 3737 1004 3824 Apaturi
1018 3736 1170 3826 praedem

72 3846 192 3924 fuisse,
219 3841 276 3929 qui
297 3840 547 3908 Parmenontem
572 3841 821 3909 condemnasset
833 3840 874 3926 2);
905 3841 1094 3926 neglexerat
1115 3862 1169 3905 ex-

144 4088 174 4244 ἐξ
190 4083 458 4227 bderltoggbarestius
482 4185 548 4241 pag.
575 4169 624 4224 199
646 4167 701 4224 hoc
721 4167 853 4223 miratur:
882 4168 911 4222 la
933 4166 1048 4233 cantion
1067 4165 1171 4237 d’Apa·

73 4258 183 4319 tourios
212 4257 305 4331 inquit
327 4255 397 4312 etait
424 4254 612 4330 precisement
641 4272 692 4310 son
719 4253 825 4310 arbitre
852 4252 1019 4322 Aristocles,
1046 4270 1084 4310 cs
1111 4251 1170 4329 qui

946 4341 963 4401 3
