2700 4658
560 245 770 308 ..13-

127 423 197 478 est:
214 436 290 478 nam
314 414 491 477 sententiae
506 413 589 476 duae
611 411 675 477 alia
697 412 761 476 alio
777 406 828 474 dis
850 409 955 474 editae
978 419 1054 474 sunt
1064 411 1100 496 ¹).
1131 408 1211 496 quod

123 516 367 585 Schoemannus
397 515 457 583 litt.
480 517 548 580 Att.
575 535 649 599 pag.
672 513 735 578 652
759 514 838 577 dicit
868 514 909 577 ab
937 514 1052 578 eodem
1075 513 1212 577 diaeteta

124 619 195 683 lites
218 618 290 683 illas
310 618 483 683 instructas
498 640 579 699 esse,
600 615 749 703 equidem
765 616 876 681 dubito
900 639 942 680 an
956 639 1022 682 non
1043 616 1086 681 sit
1107 637 1211 682 assen-

124 722 286 787 tiundum:
320 720 452 787 celerior
482 723 567 786 enim
594 730 643 787 est
672 722 792 799 oratio,
823 727 861 783 ut
888 742 954 784 non
978 719 1212 807 prohibeamur,

126 847 189 911 quo
211 826 318 889 minus
340 816 402 889 τδν
424 815 615 904 διαιτητήν,
645 823 699 909 qui
721 825 827 908 priore
855 821 894 887 de
916 810 1034 889 caussa
1054 823 1213 890 iudicasse

124 928 249 1007 dicitur,
273 927 371 993 alium
393 928 491 991 fuisse
513 928 731 991 existimemus
754 935 850 1012 atque
872 947 945 990 eum
968 926 1153 1007 diaetetam,
1175 925 1213 990 ad

123 1052 221 1117 quem
243 1030 347 1095 altera
368 1052 483 1097 caussa
504 1029 611 1094 delata
633 1039 690 1094 est.
743 1052 819 1095 nam
842 1025 861 1093 ὁ
884 1029 1057 1107 διαιτητής
1080 1030 1213 1095 alicuius

124 1135 188 1198 litis
203 1136 299 1199 etiam
321 1135 350 1198 is
372 1142 458 1198 recte
472 1142 616 1215 uocatur,
637 1134 693 1221 qui
715 1133 802 1197 litem
824 1135 919 1197 istam
941 1133 1079 1198 instruit.
1120 1155 1214 1219 quam

127 1237 169 1302 ob
191 1260 257 1303 rem
281 1238 388 1325 priore
409 1237 479 1302 Ioco
500 1234 519 1300 ὁ
542 1232 715 1315 διαιτητής
733 1236 812 1299 mihi
833 1235 961 1301 uidetur
981 1254 1054 1301 esse
1076 1236 1216 1300 diaeteta

125 1341 187 1414 ifle,
209 1343 264 1428 qui
287 1339 329 1404 ad
344 1340 458 1405 Boeoti
477 1361 627 1414 caussam
649 1339 877 1403 diudicandam
893 1339 1013 1403 electus
1036 1347 1095 1420 est,
1114 1339 1214 1404 altero

124 1454 233 1508 autem
255 1443 326 1508 Ioco
353 1444 423 1526 ille,
456 1444 511 1530 qui
533 1442 573 1507 de
594 1442 766 1508 Mantithei
795 1462 912 1507 caussa
934 1452 1141 1526 cognouerat.
1186 1451 1216 1506 at

125 1549 208 1611 enim
241 1549 310 1611 siue
340 1547 555 1612 Schoemanni
584 1547 653 1610 siue
679 1568 752 1610 mea
781 1546 940 1610 sententia
960 1545 1132 1632 probanda
1161 1554 1217 1629 est,

125 1650 185 1714 hoc
202 1672 300 1714 unum
323 1658 449 1715 constat
463 1648 542 1714 nihil
556 1649 691 1732 narrari,
713 1671 776 1736 quo
792 1649 927 1714 alteram
942 1649 1101 1714 actionem
1117 1649 1217 1714 altera

125 1753 257 1818 dilatam
281 1775 351 1818 esse
373 1752 596 1839 conprobetur.
643 1773 839 1839 quamquam
867 1751 1048 1818 cauendum
1077 1762 1145 1833 est,
1176 1775 1216 1820 ne

125 1857 258 1921 nimium
289 1879 330 1921 ex
352 1856 414 1922 hac
439 1877 556 1931 caussa
585 1855 821 1922 concludamus.
865 1880 942 1923 nam
963 1859 1141 1939 Boeotum,
1164 1857 1217 1943 qui

124 1961 273 2048 postsa2)
296 1960 486 2024 sententiam
509 1959 549 2023 de
564 1959 736 2025 Mantitbei
757 1981 874 2025 caussa
888 1963 1010 2029 factam
1030 1963 1078 2026 ita
1092 1961 1216 2025 irritam

123 2062 271 2142 reddidit,
293 2073 329 2128 ut
343 2063 499 2127 Boeotum
524 2082 558 2126 se
580 2064 691 2127 uocari
710 2065 879 2148 negitaret,
900 2087 1007 2130 nonne
1022 2068 1093 2129 ueri
1116 2062 1217 2128 simile

126 2173 176 2229 est
196 2164 368 2230 Mantithei
389 2188 507 2230 nomen
529 2164 636 2230 libello
660 2188 718 2231 suo
741 2168 970 2255 subscripsisse
992 2191 1058 2233 non
1080 2167 1218 2234 Boeoti?

87 2271 88 2274 ’
125 2269 318 2354 praesertim
340 2289 413 2333 cum
434 2269 469 2332 in
483 2270 629 2358 oratione
646 2268 858 2335 XXXVIIII.
881 2271 968 2336 3Iet
981 2271 1031 2350 38,
1054 2271 1111 2336 ubi
1126 2272 1218 2340 Man·

125 2369 245 2436 titheus
267 2371 423 2437 Boeotum
445 2372 551 2461 ipsum
573 2373 687 2438 Boeoti
709 2396 826 2440 nomen
856 2375 917 2439 sibi
938 2376 1121 2463 inposuisse
1143 2397 1218 2441 con·

125 2475 271 2540 uicturus
301 2485 366 2556 est,
398 2474 494 2540 huius
522 2498 658 2542 caussae
686 2478 805 2543 mentio
835 2478 924 2543 nulla
949 2479 1014 2544 fiat.
1058 2481 1088 2543 si
1110 2488 1218 2544 autem

125 2580 267 2645 Boeotus
279 2578 449 2644 Mantithei
464 2602 581 2647 nomen
595 2578 704 2644 libello
717 2602 774 2646 suo
791 2580 989 2666 subscripsit,
1005 2582 1220 2670 antigraphae

126 2683 216 2748 locus
245 2703 310 2747 non
340 2693 400 2762 est,
434 2685 511 2775 quia
539 2684 744 2768 magistratui
771 2684 944 2749 diaetetam
974 2685 1106 2770 eligenti
1137 2686 1219 2751 alius

125 2795 195 2851 erat
216 2786 359 2850 Boeotus
391 2786 443 2850 ille
469 2787 524 2873 qui
545 2796 772 2868 accusauerat,
806 2788 887 2852 alius
913 2788 965 2853 iiie
988 2788 1131 2854 Boeotus
1164 2789 1219 2875 qui

125 2897 294 2960 accusatus
317 2899 395 2956 erat.

209 2993 274 3057 iam
297 3013 375 3057 uero
396 3013 480 3077 quae
501 2992 646 3058 insecuta
670 2993 734 3057 sint
756 2993 940 3058 uideamus:
962 2994 1163 3060 Mantitheus
1185 2997 1220 3061 in

126 3095 282 3159 orationis
295 3094 502 3182 paragrapho
524 3095 788 3166 duodeuicesima
807 3096 922 3162 haece:
937 3093 1083 3182 -dnopoiv
1106 3095 1137 3163 δ’
1157 3093 1220 3184 ἐγώ

126 3198 240 3284 inquit,
263 3201 298 3264 ri
319 3200 364 3265 eir
386 3223 438 3274 τις-
455 3191 619 3286 χρήσαιτο
642 3199 693 3284 τῷ
714 3195 898 3284 πράγματι,
920 3195 1006 3263 οὕτω
1028 3197 1135 3268 πάλιν
1157 3197 1220 3280 τὴν

124 3295 231 3380 αὐτὴν
253 3302 347 3382 δίκην
369 3296 481 3389 λαχὼν
502 3300 597 3386 αὐτῷ
612 3304 805 3386 Μαντιθέῳ
829 3300 989 3385 ἑνδεκάτῳ
1006 3306 1069 3368 ἔτει
1092 3305 1155 3371 νῦν
1176 3309 1219 3380 εἰς

123 3401 210 3487 ὑμᾶς
239 3411 481 3494 καταπέφευγα.
527 3406 619 3469 uides
640 3405 869 3484 Mantitheum,
902 3414 938 3469 ut
966 3407 1079 3471 matris
1111 3408 1219 3473 dotem

124 3516 336 3593 recuperaret
359 3507 402 3573 ad
422 3507 545 3574 iudices
568 3509 753 3592 confugisse
774 3517 807 3573 et
825 3508 945 3595 Boeoto
968 3508 1103 3594 eiusque
1124 3496 1219 3577 fratri

126 3610 285 3674 actionem
307 3599 492 3677 intendisse.
537 3611 595 3676 sed
617 3611 796 3675 aduersarii
817 3608 864 3672 illi
886 3613 1082 3677 contrariam
1111 3615 1218 3679 dicam

194 3873 219 3936 l)
239 3871 281 3924 17.
316 3873 382 3940 περὶ
398 3872 451 3934 μὲν
470 3861 521 3920 οὖν
540 3857 584 3920 ὦν
602 3858 683 3925 αὗταί
698 3888 747 3935 μοι
759 3864 934 3932 ἐδικάζοντο,
952 3866 1044 3938 τιαρό
1050 3890 1134 3927 νιος
1151 3871 1217 3926 τιν’.

123 3975 172 4008 sou
185 3961 234 4008 καὶ
252 3954 462 4010 ἀντιδικοῦντος
481 3950 648 4025 ἀπεδιῄτησέ
658 3975 712 4022 μου
731 3952 745 4006 ὅ
766 3949 926 4016 διαιτητὴς.
945 3950 1020 4018 ..ἣν
1039 3951 1065 4005 δ’
1087 3959 1143 4028 ἐγώ
1156 3966 1219 4012 1023.

122 4061 174 4093 ταν
191 4053 312 4095 ιδιαιιιιν
329 4043 395 4094 τότε
413 4044 478 4109 περὶ
496 4044 543 4103 τῆς
566 4041 682 4109 προικὸς
699 4035 899 4108 ἐπιδημοῦντος
922 4040 1023 4093 τούτου
1041 4041 1153 4098 ἐνθάδε
1170 4051 1218 4098 καὶ

124 4130 184 4182 οὔκ
204 4127 479 4194 ἂπαντήιαντος
497 4126 567 4197 πρὸςΙ
584 4122 637 4177 τδν
654 4122 813 4194 διαιτητὴν,
833 4124 1032 4200 κατεδιῄτησεν
1051 4129 1149 4185 αὑτοῦ.
1170 4196 1173 4201 y

192 4217 220 4282 2)
239 4216 255 4282 ἓ
273 4215 314 4270 18.
