2700 4658
567 247 774 310 ..31-

121 417 305 503 Apaturius
335 418 559 482 mercatoriam
586 417 694 504 potius
715 416 803 481 litem
826 437 923 502 quam
945 415 1042 479 aliam
1065 417 1217 482 intendit:

120 519 254 605 saepius
276 520 398 584 factum
412 520 549 602 uidetur,
571 529 612 601 ut
629 519 812 585 actionibus
826 519 1000 583 menstruis
1013 557 1056 568 -
1072 520 1118 584 sic
1133 521 1218 584 enim

119 620 323 708 appellamus
350 644 432 708 quas
454 621 573 687 Graeci
601 614 765 707 ἐμμήνους
793 620 906 686 dicunt
931 659 974 672 --
996 631 1109 688 contra
1130 622 1218 707 leges

118 732 300 804 uterentur,
322 746 386 810 quo
408 723 551 789 faciliore
572 731 607 788 et
627 723 843 790 commodiore
864 725 984 791 iudicio
1001 724 1109 790 adius
1124 747 1217 790 suum
1267 778 1269 786 .

121 827 348 911 peruenirent,
377 828 478 893 ueluti
499 827 736 892 Pantaenctum
767 851 788 892 a
809 826 966 893 Nicobulo
988 830 1115 894 actione
1134 850 1216 893 mer-

121 931 249 998 cauria
268 929 309 995 de
323 933 460 1018 pecunia
475 940 663 996 accusatum
678 953 750 995 esse
763 930 938 996 memoriae
952 931 1115 1017 proditum
1130 937 1218 1011 estl).

210 1033 307 1100 uenio
328 1055 414 1099 nunc
436 1034 479 1098 ad
501 1034 760 1122 exceptionem2).
805 1044 895 1099 actor
917 1033 1011 1114 enim,
1029 1036 1098 1100 sine
1111 1033 1218 1100 ¹dubio

120 1136 202 1222 quia
229 1135 410 1215 metuebat,
439 1159 481 1201 ne
511 1139 539 1201 si
560 1139 744 1202 summatim
765 1139 893 1202 actione
914 1146 1080 1202 menstrua
1102 1134 1219 1202 caussa

122 1247 291 1323 ageretur,
319 1239 442 1305 iudicas
464 1241 605 1327 Apaturi
626 1242 751 1306 artibus
774 1249 806 1305 et
827 1240 964 1306 fallaciis
986 1241 1221 1326 deciperentur,

122 1341 167 1408 ad
188 1363 340 1409 caussam
363 1342 503 1407 delatam
524 1341 718 1409 descendere
740 1343 843 1408 noluit
864 1343 921 1407 sed
943 1345 1149 1431 παραγραφῇ
1163 1365 1219 1407 ex·

122 1446 274 1530 ceptione
304 1452 354 1511 est
383 1466 478 1526 usus,
507 1455 543 1512 ut
557 1449 795 1512 mercatoriam
822 1449 980 1511 actionem
1011 1447 1072 1510 sibi
1103 1446 1221 1513 debere

121 1547 249 1637 intendi
279 1558 420 1632 negaret.
472 1557 570 1634 atque
592 1558 717 1631 orator,
739 1560 776 1615 ut
796 1551 866 1614 iure
888 1559 1030 1614 actorem
1053 1549 1219 1634 excepisse

122 1649 252 1738 probet,
275 1649 357 1715 duas
379 1651 472 1716 affert
492 1650 620 1738 regest),
636 1674 772 1739 quarum
787 1652 891 1718 altera
903 1651 1109 1739 paragrapho
1124 1653 1220 1716 tertia

123 1753 177 1820 his
200 1751 310 1820 uerbis
332 1755 530 1819 continetur:
552 1759 617 1824 όσα
637 1759 699 1841 μὲν
714 1759 787 1841 ἐμοὶ
803 1759 858 1822 καὶ
874 1749 984 1838 τούτῳ
999 1759 1125 1838 ἐγένετο
1141 1775 1219 1840 συμ-

121 1851 251 1939 βόλαια
272 1850 413 1922 πόντων
435 1852 633 1943 ἀπαλλαγῆς
655 1862 712 1924 καὶ
734 1856 877 1948 ἀφέσεως
899 1863 1088 1944 γενομένης,
1110 1857 1222 1941 altera,

124 1981 224 2045 quam
252 1962 393 2027 maxime
423 1963 539 2045 premit
565 1972 674 2028 orator
705 1984 841 2049 eamque
869 1961 912 2026 ob
942 1981 1092 2026 caussam
1113 1960 1219 2047 planis

124 2061 237 2128 uerbis
259 2064 465 2150 paragrapho
487 2063 596 2130 1&ss
618 2088 805 2153 expressam
826 2066 861 2130 in
882 2064 1041 2151 principio
1064 2065 1220 2130 orationis

123 2164 243 2250 posuit,
263 2164 373 2248 uerbis
394 2169 551 2253 proximis
574 2169 787 2254 significatur:
812 2161 916 2234 ἄλλον
938 2166 1146 2251 συμβολαίου
1160 2163 1220 2233 οόκ

125 2259 225 2343 ὄντος
252 2260 328 2334 odra
354 2269 515 2337 ναυτικοῦ
543 2267 620 2338 οὔτε
648 2268 774 2358 ὲγγόου.
826 2293 962 2358 quarum
987 2269 1096 2354 legum
1125 2273 1223 2359 prior,

125 2388 324 2456 quamquam
349 2394 415 2437 non
438 2373 541 2438 solum
563 2375 606 2438 ad
628 2376 748 2440 iudicia
769 2376 961 2440 mercatoria
982 2373 1133 2460 pertinet,
1164 2374 1221 2440 sed

125 2475 222 2559 quasi
252 2496 399 2539 normam
427 2477 590 2562 quandam
617 2480 759 2542 omnium
788 2478 979 2542 iudiciorum
1008 2478 1151 2541 continet
1179 2513 1218 2529 -

125 2577 165 2643 cf.
187 2575 347 2643 XXXVI.
371 2579 422 2642 23.
446 2576 507 2643 οὐκ
528 2573 740 2646 ἐόντωντῶν
754 2572 867 2660 νόμων
886 2579 979 2654 δίκας
1001 2572 1054 2644 τόν
1075 2571 1126 2644 δν
1147 2575 1224 2668 ἀφῇ

126 2703 177 2754 τις
200 2675 294 2759 ἅπαξ
316 2672 494 2767 λαγχάνων
516 2683 552 2748 cl
569 2687 599 2766 ξ.
615 2684 665 2750 25.
685 2684 798 2767 διόπερ
813 2679 914 2748 τοῦτο
928 2681 1063 2766 πρῶτον
1077 2684 1222 2770 ἔγραφεν

126 2775 241 2868 <istiu
268 2777 375 2865 νόμον
395 2786 472 2861 θεὶς
501 2779 548 2851 οἷν
573 2783 620 2870 μὴ
649 2785 732 2852 εἶναι
752 2787 861 2867 δίκας,
891 2777 956 2850 ὅσα
978 2807 1029 2860 τις
1052 2780 1180 2872 ἀφῆκεν
1201 2785 1223 2861 ἢ

127 2880 329 2964 ἀπήλλαξεν.
372 2885 549 2957 XXXVII.
575 2892 604 2957 1.
626 2884 813 2956 δεδωκότων
835 2886 902 2955 τῶν
923 2877 1036 2972 νόμων
1051 2884 1222 2974 παρυγραί-

125 2989 273 3071 mundus
293 2992 389 3075 περὶ
410 2979 464 3057 ὦν
484 2992 536 3059 οἶν
558 3016 609 3067 τις
632 2988 729 3078 ἀφεὶς
751 2994 808 3056 καί
823 2982 1021 3070 όιπαλίωὶξας
1038 2986 1221 3070 δικάζηται.

126 3090 323 3165 XXXVIII.
341 3095 367 3158 1.
390 3090 578 3162 δεδωκότων
599 3093 666 3161 τῶν
681 3088 792 3178 νόμων
806 3089 1110 3181 παραγράψασθαι
1125 3096 1221 3178 περὶ
1263 3099 1280 3116 ”

126 3184 178 3260 ὧν
208 3195 258 3260 ἄν
287 3218 337 3270 τις
367 3192 462 3284 ἀφεὶς
491 3200 548 3263 καὶ
568 3189 766 3277 ἀπαλλάξας
788 3197 892 3264 πόλιν
913 3191 1091 3276 δικάζηται
1112 3195 1150 3263 cl.
1171 3196 1221 3261 25.

126 3295 300 3386 [XXXV-l
322 3296 352 3378 5,
373 3299 403 3383 6,
425 3301 478 3382 40,
498 3303 548 3370 51.
580 3338 619 3368 -.-
653 3309 762 3367 tamen
791 3322 857 3365 non
878 3300 1046 3365 minimum
1067 3298 1154 3364 ualet
1179 3297 1233 3362 ad.

125 3401 405 3487 interpretandam
434 3403 569 3470 alteram
589 3405 709 3488 legem,
738 3424 804 3490 qua
833 3411 902 3469 tota
925 3400 1073 3488 exceptio
1093 3401 1222 3466 nititur:

127 3511 200 3579 τοῖς
221 3505 295 3592 περὶ
324 3505 391 3572 των
418 3499 467 3591 μὴ
488 3512 670 3592 γενομένων
690 3507 905 3591 συμβολαίων
926 3509 970 3580 είς
992 3505 1101 3592 κρίσιν
1122 3505 1222 3569 καθα

126 3611 305 3692 σταμένοις
343 3615 395 3676 ἐπὶ
431 3603 494 3688 τὴν
528 3603 756 3697 παραγραφὴν
793 3603 1017 3696 καταφεύγων
1053 3608 1168 3672 ἔδωκεν
1203 3603 1222 3670 ὁ

199 3811 226 3881 1)
242 3805 392 3867 XXXVII.
409 3811 521 3867 ets-38.
557 3813 596 3868 cf.
614 3811 758 3868 Schacfer.
776 3809 834 3865 uol.'
850 3811 915 3865 IIIB
934 3829 999 3882 pag.
1017 3812 1071 3871 200
1088 3829 1185 3884 proxx.

198 3898 229 3967 2)
247 3896 282 3951 de
299 3897 517 3969 exceptionecf.
529 3897 640 3954 Heffter
650 3914 716 3969 pag.
735 3897 786 3953 289
798 3914 904 3968 proxx,
922 3897 1050 3957 Schoem.
1068 3897 1220 3970 littAttic.

127 3993 195 4055 pag.
215 3985 267 4039 644
283 4001 371 4054 prox,
391 3983 517 4038 Platner.
534 3983 556 4039 Ι.
574 4002 641 4056 pag.
666 3985 716 4040 138
733 3998 830 4055 proxx.

199 4071 229 4127 3l
247 4073 319 4124 κατὰ
332 4073 411 4128 τοὺς
422 4071 536 4140 νόμους
548 4091 685 4125 τουτονσ
693 4077 714 4125 ίε
728 4071 783 4125 hoc
795 4076 895 4124 contra
906 4070 1047 4125 Blassium
1060 4071 1222 4136 monuerim,

129 4160 178 4230 qui
196 4159 215 4212 l.
234 4158 270 4214 cl.
290 4163 318 4212 et
334 4175 401 4230 pag.
417 4159 470 4215 512
487 4160 517 4212 et
534 4175 601 4230 pag.
618 4159 671 4216 513
696 4158 731 4213 dc
748 4173 805 4213 una
822 4158 886 4228 lege
909 4157 1046 4229 loquitur:
1075 4159 1126 4214 der
1147 4175 1221 4213 vom

127 4252 274 4321 gesetze
290 4245 481 4318 vorgesehenc
500 4244 551 4299 fall
568 4276 604 4287 -
622 4244 682 4299 das
699 4248 795 4317 geseta
813 4244 883 4298 wird
900 4243 1073 4319 vorgelesen.
