2700 4658
566 256 863 356 --sa--¹

125 445 186 489 non
227 423 331 489 solum
369 425 504 490 attentio
534 421 699 512 (πρόοεξις
729 428 798 494 siue
824 421 985 514 προσοχῆ)
1015 437 1047 495 et
1073 431 1220 498 docilitas

125 521 318 610 (εὐμάθεια)
335 549 445 592 eorum
457 529 513 615 qui
527 527 663 593 audiant
672 538 851 611 moueatur,
867 529 924 595 sed
935 532 1033 596 etiam
1044 536 1219 601 eorundem

125 628 344 696 beniuolentia
374 622 513 718 (εὔνοια)
541 641 744 718 conparetur,
768 633 815 698 sic
838 643 962 715 orator,
993 645 1029 700 ut
1048 636 1219 705 beniuolas

125 732 184 799 sibi
206 732 358 800 redderet
384 733 526 799 iudicum
548 737 654 817 auris,
685 736 767 801 duas
788 736 864 801 huic
887 737 1019 804 exordio
1043 743 1218 807 sententias

124 835 267 902 addidit:
288 837 427 925 primum
450 838 535 902 enim
549 839 666 904 multos
681 840 747 903 iam
762 848 837 904 ante
852 861 886 903 se
902 840 1023 906 eisdem
1038 842 1078 908 de
1093 847 1218 910 caussis

124 940 290 1027 excepisse
310 948 427 1019 monet,
448 948 517 1004 tum
532 962 567 1004 se
582 939 875 1008 demonstraturum
889 945 1047 1030 promittit
1057 944 1218 1012 hominem

124 1043 286 1131 quendam
317 1043 649 1109 maliuolentissimum
668 1045 783 1109 'totius
820 1045 886 1110 litis
917 1055 1081 1113 auctorem
1108 1050 1217 1120 fuisse.

124 1145 438 1234 quamquamdtnotc
448 1148 622 1213 insinuatio
633 1145 690 1212 illa
702 1148 737 1233 1),
753 1169 851 1235 quam
861 1148 1084 1238 plerarumque
1096 1153 1215 1222 Demo·

125 1248 245 1315 sthenis
278 1248 459 1315 orationum
491 1251 692 1336 priuatarum
720 1249 854 1315 exordia
882 1253 1062 1335 continent,
1090 1254 1153 1323 hoc
1180 1258 1216 1322 iu

123 1352 286 1439 prooemio
327 1360 363 1417 ut
400 1352 434 1416 in
465 1353 578 1438 paucis
614 1353 686 1418 aliis
726 1353 926 1419 orationibus
957 1356 1215 1425 Demosthenicis
1257 1339 1261 1346 ⁸

124 1455 331 1522 desideratur.

480 1594 589 1644 nasas
607 1595 857 1660 RECITANTVRI).

123 1696 153 1750 ΙΙ.
171 1700 367 1750 uror-ruma
382 1696 443 1750 siue
460 1700 677 1750 ΠΡοΒΛΗΜΑ
695 1699 927 1771 (raorosrrro).

204 1809 321 1866 contra
349 1800 408 1864 has
438 1799 528 1884 leges
557 1799 753 1887 Apaturium
783 1802 944 1867 actionem
971 1803 1149 1872 intendisse
1179 1831 1214 1874 se

201 1904 501 1978 ‚demonstraturum
523 1911 631 1968 orator
652 1906 811 1988 promittit
834 1905 867 1992 (4
877 1906 918 1991 a).
971 1958 972 1961 η

131 2007 216 2095 lna)
240 2027 427 2078 ararum
442 2023 646 2094 (ronanam),
671 2028 754 2092 quae
776 2030 818 2072 ex
844 2018 1010 2075 oratorum
1028 2010 1213 2076 Atticorum

191 2266 219 2334 1)
238 2265 328 2319 uerba
346 2264 410 2319 dico
428 2263 499 2318 haec
516 2262 638 2318 XXVII.
656 2266 682 2320 3.
708 2262 807 2334 δέομαι
825 2261 852 2317 δ’
876 2265 958 2333 ὑμῶν
974 2263 1039 2333 μετ’
1059 2265 1167 2321 εὐνοίας
1187 2271 1219 2318 τέ

124 2371 175 2420 μου
185 2353 307 2405 ἀκοῦσαι
318 2351 372 2404 κᾶν
389 2348 545 2420 λδινῆοθοιιΙ
558 2347 642 2416 δοκῶ,
660 2352 809 2420 βοηθῆσαί
820 2371 870 2415 μοι
880 2349 917 2404 τοὶ
931 2349 1028 2404 δίκαια
1045 2352 1092 2405 uel
1104 2350 1216 2421 similia,

116 2438 219 2509 cardia
234 2437 380 2493 continent
391 2436 535 2506 prooemia
546 2436 705 2493 orationum
717 2439 798 2491 Darn.
810 2438 956 2494 XXXVII.
970 2441 996 2507 3,
1015 2437 1175 2492 XXXVIII.
1188 2439 1214 2506 2,

124 2523 204 2580 hIIII.
215 2527 242 2593 2,
262 2524 324 2579 LV.
336 2527 361 2590 2,
379 2523 463 2577 LVII.
477 2525 500 2588 1,
520 2528 549 2576 et
560 2524 661 2594 [Dem.]
674 2523 824 2579 XXXIlIl.
838 2528 863 2593 1,
875 2525 994 2579 XXXV.
1007 2527 1032 2587 5,
1050 2523 1173 2578 XXXX
1187 2527 1213 2593 4,

125 2610 272 2668 XXXXII.
291 2611 317 2680 4,
335 2609 497 2666 XXXXIH.
510 2612 535 2675 2,
552 2609 730 2664 ΧΧΧΧΙΠΙ.
743 2610 768 2674 3,
785 2611 935 2666 XXXXV.
955 2613 979 2674 1,
998 2610 1175 2665 XXXXVIl.
1188 2613 1212 2677 3,

125 2696 312 2754 XXXXVIII.
333 2701 359 2768 3,
377 2698 412 2751 L.
430 2699 447 2752 2
466 2697 490 2750 d
509 2699 535 2765 3,
554 2695 623 2750 LVI.
641 2697 665 2762 4,
686 2696 781 2752 LVIII.
800 2699 826 2752 3.
860 2699 952 2752 rarius
970 2699 1042 2752 haec
1059 2697 1213 2753 insinuatio

126 2786 160 2839 ad
178 2775 371 2840 adtentionein
389 2783 569 2838 efficiundam
587 2789 724 2853 usurpata
742 2789 797 2839 est:
817 2785 919 2856 [Dem.]
930 2783 1053 2838 XXXII.
1071 2785 1089 2837 3
1115 2781 1214 2854 δέομαι

126 2867 152 2922 δ’
169 2870 250 2940 ὑμῶν
269 2873 406 2925 ἁπάντων
425 2873 504 2941 εἴπερ
518 2869 592 2937 ἄλλῳ
612 2875 669 2922 τινὶ
682 2867 801 2923 πώποτε
819 2871 871 2923 τὸν
888 2878 957 2924 νοῦν
970 2877 1144 2942 προσέσχετε,
1166 2878 1215 2924 καὶ

125 2952 213 3028 τούτῳ
227 2965 386 3031 προσσχεῖν,
403 2957 463 3013 LII.
475 2959 501 3012 2.
532 2957 607 3011 adde
618 2956 674 3010 huc
686 2955 768 3011 Dein.
780 2956 915 3011 XXXXI.
929 2959 953 3012 l.
984 2958 1060 3028 ὅμως
1079 2951 1103 3011 ὦ
1115 2955 1214 3028 ἄνδρες

126 3044 253 3100 δικασταὶ
272 3052 420 3119 προσέχετε
432 3048 483 3099 τὸν
495 3050 572 3100 νοῦν.
607 3060 722 3114 prorsus
741 3044 794 3097 ista
811 3043 1001 3098 insinuatione
1020 3048 1117 3100 carent
1132 3045 1212 3099 Dem.

125 3151 176 3189 orr.
201 3133 297 3188 XXX.
322 3132 458 3188 XXXVI.
482 3130 664 3197 XXXVIIII,
692 3136 721 3184 et
744 3129 841 3200 [Dem.]
867 3147 921 3185 orr.
951 3131 1044 3186 XXV.
1067 3130 1214 3187 XXVIIII.

124 3219 324 3274 XXXXVHII.
343 3219 390 3275 LL
409 3220 482 3274 LIII.
500 3217 615 3272 LVIIII.
635 3217 791 3272 orationum
809 3217 930 3288 denique
947 3217 1083 3274 XXVIII.
1104 3217 1214 3272 XXXI.

126 3304 250 3381 [XXVI]
270 3306 456 3377 [XXXXVI.]
480 3313 512 3359 ut
535 3304 790 3376 deuterologiarum
814 3304 886 3358 ratio
912 3303 1011 3358 haberi
1033 3319 1090 3358 non
1111 3309 1214 3374 potest.

124 3395 282 3450 orationum
299 3410 367 3447 uero
393 3392 567 3448 iudicialium
590 3391 769 3462 publicarum
790 3390 910 3444 eandem
932 3388 1081 3443 formulam
1103 3390 1133 3444 in
1149 3408 1214 3461 pro·

124 3483 212 3537 oemio
231 3480 364 3536 exhibent
381 3479 484 3536 XVIII.
503 3482 528 3544 6,
545 3476 664 3532 XVIIII.
685 3479 709 3542 1,
727 3477 805 3531 XXI.
825 3478 849 3542 I,
868 3475 959 3530 XXII.
978 3479 1004 3546 4,
1022 3476 1126 3531 XXIII.
1145 3481 1169 3532 4.

190 3569 220 3640 2)
237 3567 292 3622 hoc
312 3584 346 3620 ex
363 3567 426 3622 loco
444 3565 665 3631 euidentissime,
695 3581 779 3634 quam
801 3563 894 3617 nudus
918 3563 955 3615 sit
980 3563 1114 3617 orationis
1132 3563 1214 3618 huius

125 3653 245 3718 habitus,
272 3653 447 3724 perspicitur.
482 3652 591 3706 nullam
613 3656 762 3722 praeterea
785 3650 814 3702 in
837 3666 955 3719 corpore
978 3650 1135 3705 orationum
1157 3651 1215 3704 De·

124 3740 358 3796 mostheniearnm
375 3740 443 3794 noui
460 3739 625 3807 orationem,
643 3737 672 3791 in
690 3753 747 3808 qua
764 3736 828 3808 pari
845 3735 929 3791 modo
947 3737 1041 3808 leges,
1059 3752 1093 3789 ex
1112 3736 1214 3806 quibus

126 3829 197 3883 acti0
214 3828 323 3883 intenta
341 3827 386 3896 sit,
405 3826 500 3880 statim
521 3831 586 3897 post
603 3824 748 3880 exordium
766 3829 969 3895 proponantur.

194 3915 224 3984 3)
242 3915 361 3985 scrIptor
385 3912 520 3968 orationis
546 3913 607 3983 ipse
633 3911 824 3965 narrationem
854 3917 882 3964 et
908 3909 1103 3981 probationem
1126 3910 1215 3964 artius

127 4002 277 4057 cohaerere
295 4000 387 4055 uoluit
404 4017 490 4072 quam
501 3997 697 4070 probationem
710 4002 739 4051 et
756 3996 963 4052 refutationem.
999 3995 1030 4050 id
1044 3996 1120 4066 quod
1132 3997 1215 4051 facile

125 4086 301 4153 intellexeris,
323 4088 344 4140 si
357 4087 570 4158 paragraphum
582 4090 713 4156 quartam
730 4090 760 4138 ἐκ
774 4082 886 4139 πολλῶν
899 4081 966 4151 ὑμῖν
979 4081 1057 4136 τοῦτ’
1082 4081 1214 4145 ἐπιδείξω

127 4189 188 4228 cum
205 4173 385 4246 paragrapho
403 4173 502 4243 qulnta
520 4178 549 4226 et
564 4169 706 4226 tricesima
729 4175 759 4224 ἐκ
779 4170 892 4225 πολλῶν
916 4169 997 4238 οἴμαι
1019 4167 1216 4236 ἐπιδεδεῖχθαι

128 4267 209 4314 τοῦτο
226 4259 295 4328 ὑμῖν
312 4259 472 4315 contuleris.
507 4259 545 4316 cf.
563 4258 689 4313 Blassius
707 4275 773 4330 pag.
791 4258 850 4314 514.
868 4262 926 4314 not.
945 4257 962 4312 5
980 4262 1050 4311 extr.
