2700 4658
458 259 748 335 Ι-81-

305 438 342 525 b)
364 440 420 505 καὶ
434 442 497 518 τήν
511 443 631 524 ἐγγύην
646 435 753 506 αὐτὸν
764 434 942 526 είσπράξας
954 433 1017 519 τήν
1027 435 1110 526 πρὸς
1126 432 1190 520 τήν

1012 534 1190 629 τράπεζαι,

308 645 341 730 ιι)
363 646 397 710 τί
417 640 626 730 προσεδόκων
646 643 714 712 ὑπὸ
737 640 858 711 τούτου
873 641 977 720 αὐτὸς
992 647 1192 722 πείσεσθαι,·

185 769 382 834 quamquam
404 749 504 833 igitur
526 750 559 814 in
582 750 769 814 uniuersum
792 751 860 814 sine
882 750 1101 814 controuersia
1116 746 1192 814 oon?

98 851 290 937 positionem
320 853 418 917 etiam
448 854 476 918 si
509 874 574 917 non
601 854 776 919 iucundum
806 862 838 917 et
859 854 1010 934 μισῆσαι,
1045 861 1079 917 et
1106 858 1194 916 certe

98 953 267 1018 honestam
299 977 369 1020 esse
381 955 406 1040 ¹)
440 955 679 1021 consedendum
702 966 764 1039 est,
794 964 902 1021 tamen
925 953 1098 1019 uerborum
1120 974 1194 1018 eon-

99 1059 295 1121 tinuationes
311 1059 528 1138 inueniuntur,
543 1080 624 1144 quas
638 1061 708 1123 iure
722 1058 957 1147 reprehendere
972 1060 1086 1144 possis.

184 1170 270 1225 reete
293 1161 378 1224 enim
406 1161 470 1225 iam
492 1161 637 1226 Blassius
667 1165 767 1227 sensit
798 1165 831 1226 in
861 1161 1019 1248 principio
1042 1158 1197 1225 orationis

100 1264 146 1348 (1.
168 1263 203 1347 2)
225 1265 405 1328 contrarias
429 1267 604 1331 sententias
626 1265 734 1330 minus
756 1267 925 1352 perspicue
946 1264 1030 1327 inter
1045 1284 1080 1327 se
1096 1283 1195 1349 oppo-

101 1368 181 1432 situs
202 1388 291 1433 esse:
321 1390 396 1431 nem
427 1370 581 1434 orationis
604 1370 742 1456 scriptor
771 1369 804 1431 in
832 1368 938 1453 priore
960 1363 1103 1430 membro
1127 1385 1198 1428 sen·

100 1471 222 1535 tentiae
244 1473 322 1551 eius,
344 1492 427 1555 quae
449 1494 469 1535 a
489 1473 597 1536 uerbis
620 1481 690 1548 τοῖς
712 1473 773 1555 μὲν
795 1464 951 1555 ἐμπόροις
973 1490 1075 1554 usque
1098 1466 1140 1531 ed
1162 1469 1198 1531 αί

99 1574 191 1638 ὁίκαι
215 1565 297 1640 αἷσιν
320 1576 467 1659 pertinet,
500 1575 716 1660 συμβολαίων
738 1575 845 1640 ὄντων
867 1593 987 1658 ponere
1010 1570 1152 1655 neglexit
1162 1569 1197 1654 2).

60 1747 63 1753 ,
190 1698 250 1741 neo
272 1685 381 1743 tamen
401 1678 528 1743 Blaesio
551 1678 699 1764 equidem
720 1676 754 1741 id
777 1677 926 1740 assentiri
948 1697 1088 1762 possum,
1111 1672 1198 1760 quod

102 1783 132 1859 ξ.
154 1781 196 1844 22
220 1789 414 1845 structuram
436 1782 617 1848 liberiorem
634 1803 705 1846 esse
719 1779 956 1868 reprehendens
976 1777 1066 1842 dixit.
1095 1773 1198 1839 uerba

102 1883 189 1946 enim
212 1891 288 1946 sunt
309 1883 406 1948 haee:

190 1987 229 2052 A.
252 1986 285 2071 a)
308 1986 409 2070 ἀμὲν
429 1979 491 2053 ούν
513 1990 585 2073 περὶ
609 1982 671 2061 τήν
684 1983 849 2077 ἀφάνισιν
866 1989 931 2048 τῶν
945 1979 1127 2060 συνθηκῶν
1142 1982 1198 2044 καὶ

609 2084 671 2164 τήν
692 2088 815 2174 γνῶσιυ
836 2087 895 2166 τής
918 2088 1046 2164 διαίτης
1194 2100 1198 2105 ’

310 2189 522 2281 Ἀπατουρίῳ
545 2195 600 2257 καὶ
623 2191 672 2276 τῷ
694 2191 850 2282 διαιτητῇ
871 2196 1070 2276 πέπρακται,

258 2294 290 2378 b)
313 2291 372 2360 έοίν
393 2318 474 2360 ποτε
495 2296 595 2387 σωθῇ
618 2294 635 2361 ὁ
659 2292 862 2380 ἠδικημένος,

256 2396 287 2482 o)
310 2397 404 2475 δίκην
426 2399 503 2482 παρ’
526 2398 636 2463 αὐτῶν
658 2393 811 2483 λήψεται.

193 2498 230 2564 Β.
253 2499 285 2583 a)
309 2495 419 2578 ἐπειδὴ
441 2497 466 2564 d'
491 2505 534 2574 είς
557 2499 656 2564 τοῦτο
680 2493 843 2571 ἐλήλυθεν
864 2493 1049 2583 ἀναιδείας,Ι

315 2603 371 2687 aa)
396 2605 479 2668 ὥστε
501 2599 602 2687 κάμοὶ
625 2599 791 2678 δικάζεται

392 2711 554 2793 ἐπιφέρων
577 2708 691 2769 αἰτίαν
714 2702 756 2779 ὡς
779 2697 980 2785 ἀνεδεξάμην
1002 2703 1151 2784 ἐκτίσειν,

505 2807 533 2872 εί
549 2831 583 2873 τι
605 2807 863 2892 καταγνωσθείη
877 2805 936 2870 τοῦ
948 2805 1198 2890 Παρμένοντος,

315 2912 372 2997 apd)
395 2915 451 2977 καί
488 2933 591 2999 φησιν
621 2915 828 2995 ἐγγραφῆναι
858 2913 901 2983 είς
932 2901 992 2982 τάς
1021 2911 1198 2989 συνθήκας

953 3015 1007 3096 ἐμὲ
1029 3010 1198 3098 ἐγγυητήν,

256 3116 291 3202 b)
314 3118 421 3206 ὥσπερ
449 3110 605 3204 προσήκει
627 3113 787 3194 τοιαύτην
809 3117 924 3179 αἰτίαν
946 3112 1199 3196 ἀπολύσασθαι,

258 3220 289 3305 o)
312 3228 367 3302 ou)
390 3221 524 3307 πρῶτον
551 3223 612 3307 μὲν
633 3217 713 3305 ὑμῖν
734 3214 905 3304 μάρτυρας
929 3210 1198 3304 παρασχήσομαι,

384 3321 427 3399 ὡς
450 3320 509 3388 οὐκ
533 3318 751 3409 ήγγυησοίμην
773 3314 835 3405 tyni
858 3315 919 3385 τὸν
942 3321 1177 3405 Παρμένοντα,

476 3421 547 3492 ἀλλ’
735 3426 922 3510 Ἄρχιππος
944 3419 1199 3509 Μυρρινούσιος,

314 3530 368 3613 (ιβ)
392 3533 505 3596 ἔπειτα
541 3523 741 3614 πειράσομαι
775 3529 832 3590 καὶ
861 3530 896 3589 ὲκ
926 3527 1107 3613 τεκμηρίων
1135 3519 1203 3601 τήν

395 3629 584 3715 ἀπολογίαν
605 3629 828 3710 ποιήσασθαι.
1172 3634 1175 3639 “

192 3734 274 3801 haee
295 3735 426 3821 quidem
443 3744 605 3801 structure
619 3733 821 3800 artificiosior
835 3732 943 3817 potius
958 3751 1054 3816 quum
1069 3729 1199 3794 liberior

101 3838 185 3907 mihi
206 3839 352 3905 uidetur:
376 3862 452 3904 nam
473 3839 559 3904 inter
582 3859 617 3903 se
638 3835 835 3924 respondent
858 3859 878 3900 a
900 3843 932 3899 et
954 3857 989 3917 a,
1019 3834 1039 3899 b
1063 3842 1096 3898 et
1114 3831 1137 3897 b
1144 3879 1155 3914 ,
1180 3853 1199 3897 o

53 4060 61 4070 .
177 4013 206 4082 1)
224 4009 399 4082 ,compositio
412 4009 496 4065 debet
509 4024 571 4064 esse
583 4009 701 4064 honesto
714 4007 837 4062 ineunda
846 4004 934 4061 uarie‘
948 4003 1064 4069 Quintil.
1079 4002 1198 4058 institut

102 4103 177 4157 oret.
194 4098 284 4155 VIIII.
302 4099 328 4168 4,
347 4097 406 4153 146.

175 4187 203 4255 2)
220 4202 275 4256 quo
298 4185 406 4241 fectum
427 4189 483 4254 est,
508 4187 540 4238 ut
564 4183 594 4238 in
618 4183 716 4239 codiee
734 4186 761 4234 Σ
777 4180 815 4250 μή
834 4183 900 4234 ente
924 4178 1015 4235 uerbo
1036 4184 1198 4251 γινομένων

100 4273 286 4344 συμβολαίων
302 4279 407 4328 temere
424 4271 607 4326 omitteretur.
979 4334 1001 4383 Q
