2700 4658
574 251 784 314 -69-

188 433 191 444 '
217 424 247 504 ξ.
270 423 320 488 33.
364 415 561 510 ἀπάραντος
583 423 637 489 ἐπὶ
657 416 862 502 τηλικαύτην
882 417 1060 510 συμφοράν
1073 425 1113 509 ¹):
1143 431 1225 493 etru-

51 565 53 568 >
136 533 227 591 utura
249 525 421 591 durissima
444 535 504 596 est.
547 548 625 592 nam
639 527 695 592 dal
715 548 789 592 cum
812 525 997 593 accusatius
1020 527 1226 598 coniunctum

135 627 222 716 apud
242 627 494 695 Demosthenem
517 639 550 695 et
569 631 700 717 proprio
723 638 755 694 et
776 628 933 695 translato
956 649 1054 697 seusu
1075 628 1224 699 dimoc-

133 753 224 812 nsm‚
253 753 316 818 quo
344 733 416 818 quis
447 755 482 799 se
503 732 555 799 uel
577 733 685 799 hostili
706 732 759 798 uel
780 740 896 820 pacato
919 731 1026 797 animo
1048 742 1226 816 concertat,

132 836 178 899 ita
206 833 377 920 significat,
408 844 445 901 ut
466 837 560 922 quasi
581 835 751 902 consilium
772 835 937 922 quoddam
958 836 1172 924 perspiciatur
1193 847 1226 905 ct

133 939 205 1003 finis
235 940 371 1005 actionis
395 940 595 1025 respiciatur.
618 940 656 1004 of.
680 938 780 1004 Rehd.
802 939 867 1004 ind.
888 939 982 1006 Dcm.
1004 938 1048 1005 II.
1072 962 1096 1006 s.
1118 963 1147 1007 u.
1171 941 1226 1007 sss

133 1044 164 1108 A
185 1043 251 1124 ,trel
272 1043 331 1108 mit
352 1042 425 1107 dem
448 1043 629 1111 accusativa
655 1043 714 1107 aul
731 1042 789 1106 hin
812 1041 903 1127 (los),
931 1041 1035 1108 wobei
1056 1064 1132 1109 man
1156 1042 1224 1106 sich

134 1146 189 1212 des
219 1146 316 1211 nieles
347 1168 389 1212 au
417 1145 603 1213 versichern
632 1147 751 1232 pflegt‘
799 1140 953 1228 ἀπαίρειν
982 1147 1037 1213 ἐπὶ
1059 1141 1122 1225 τὴν
1143 1166 1223 1230 cap*

133 1241 244 1337 φοράν
264 1248 296 1313 h.
325 1248 344 1313 l.
367 1248 489 1314 dictum
509 1258 569 1332 est,
591 1252 686 1336 quasi
707 1242 866 1334 συμφορά
886 1246 1008 1314 locus
1031 1248 1224 1317 calamitatis
1316 1261 1320 1270 '

133 1352 182 1433 sit,
214 1353 313 1418 ueluti
334 1352 411 1418 IIII.
436 1355 475 1419 18
498 1362 547 1421 cst
568 1351 707 1438 pudende
728 1353 828 1426 ὄντος
850 1350 1004 1435 ἐμποδῶν
1025 1353 1145 1419 πλεῖν
1158 1353 1225 1420 aar

136 1446 211 1532 τὴν
233 1456 395 1521 ἐκεῖνον
415 1447 556 1541 χώραν
578 1454 690 1540 ὑμῖν.
744 1463 841 1522 antea
866 1458 894 1536 §-
917 1455 969 1521 20.
992 1456 1130 1543 scriptor
1151 1479 1224 1522 ora·¹

132 1558 227 1623 tionis
248 1560 366 1624 rectius
389 1557 472 1623 dixit
493 1553 773 1643 ἀποδημήσαντος
796 1548 868 1622 διὰ
887 1548 949 1626 srlr
970 1555 1158 1648 συμφοράν.

216 1655 471 1748 παρανόμως
511 1659 741 1747 aduerbium2)
785 1660 959 1726 admodum
1003 1683 1113 1726 rarum
1157 1671 1222 1727 ests

132 1785 235 1850 neque
263 1765 348 1828 enim
380 1764 466 1850 apud
489 1764 741 1831 Demosthenem
762 1772 868 1830 exstat
890 1764 953 1830 nisi
974 1763 1085 1854 XXII.
1106 1763 1157 1830 24.
1180 1764 1221 1851 cf.

132 1865 281 1933 Aeschin.
303 1866 363 1935 III
386 1868 436 1933 32.

214 1972 264 2043 34.
295 1972 397 2055 πρὶν
430 1962 451 2048 ἢ
482 1963 554 2047 τὴν
584 1965 807 2062 ἀπόφασιν
833 1971 1057 2054 γενέσθαιε
1092 1971 1171 2057 πρὶν
1200 1963 1221 2050 ll

132 2078 231 2162 aeque
259 2084 355 2162 atque
385 2072 558 2159 [XXXV]
586 2076 606 2139 3
637 2074 764 2139 codices
793 2071 958 2159 praebent.
1009 2073 1088 2159 πρὶν
1119 2066 1222 2153 ἤραο

129 2177 231 2266 poetis
261 2178 379 2243 Atticis
409 2198 470 2242 nec
496 2175 661 2242 ueteribus
688 2198 805 2262 prosae
831 2176 986 2243 orationis
1009 2177 1221 2266 scriptoribus

130 2282 244 2351 Atticis
266 2280 473 2346 tribuendum
494 2303 566 2346 esse
580 2280 643 2346 uiri
658 2279 744 2347 docti
759 2281 972 2361 consentiunt,
994 2280 1034 2347 cf.
1048 2279 1221 2347 Elmsleius

129 2385 170 2449 ad
194 2384 271 2452 Eur.
300 2383 385 2448 Med.
415 2385 492 2465 179,
520 2383 681 2468 Reisigius
712 2383 755 2448 ad
785 2384 882 2473 Soph.
913 2383 952 2450 Ο.
983 2383 1018 2450 Ο.
1049 2407 1124 2470 pag.
1149 2385 1221 2469 180,

128 2486 240 2575 Poppo
274 2486 317 2551 ad
351 2485 497 2572 Thucyd.
533 2486 571 2552 V.
600 2489 648 2552 61.
681 2491 717 2569 1,
753 2486 902 2552 Dindorf.
939 2488 982 2552 ad
1011 2486 1220 2578 Aristophan.

128 2613 239 2664 comm.
268 2600 343 2658 tom.
373 2590 428 2656 VI.
458 2611 533 2676 pag.
564 2590 635 2656 604.
668 2611 781 2655 uerum
809 2590 1046 2656 recentioresne
1075 2600 1218 2658 oratores

127 2694 227 2763 Attici
254 2693 378 2779 πρὶνῆ
407 2693 566 2780 particula
588 2695 638 2760 usi
663 2695 727 2759 sint
762 2716 881 2776 necne,
909 2714 1028 2780 magna
1060 2693 1218 2761 dissensio

127 2805 182 2862 est.
245 2797 437 2864 Dindorfius
465 2798 551 2864 enim
578 2798 613 2863 in
641 2798 843 2885 praefatione
873 2797 921 2866 ed.
950 2797 1046 2868 Dem.
1074 2796 1162 2884 Lips.
1193 2796 1218 2866 I.

126 2921 199 2987 pag.
228 2900 305 2966 IIII.
336 2911 368 2966 et
396 2904 430 2967 in
459 2903 558 2988 praef.
585 2901 628 2969 ad
656 2902 750 2968 [socr.
780 2925 854 2990 pag.
882 2902 920 2986 5,
950 2923 1046 2989 quem
1076 2903 1233 2991 sequitur¹

126 3003 358 3070 Stallbaumius
380 3005 423 3070 ad
444 3005 589 3071 Platonis
620 3006 681 3071 ciu.
703 3027 777 3092 pag.
800 3005 861 3072 501
886 3009 927 3088 Δ,
956 3005 1137 3094 praefracte
1162 3027 1217 3071 ne·

127 3117 198 3191 gat,
227 3107 396 3173 Mastaner
426 3117 533 3174 autern
562 3109 604 3174 ad
627 3109 768 3196 Lycurg.
791 3109 903 3178 Leocr.
927 3110 989 3177 128
1021 3108 1220 3179 confidenter

126 3211 282 3295 affirmat,
313 3220 345 3275 et
369 3210 572 3278 Godofredus
595 3211 818 3293 Hermannus,
840 3215 959 3302 quippe
982 3213 1037 3299 qui
1059 3234 1132 3300 opp.
1156 3211 1218 3282 III.

124 3336 197 3400 pag.
219 3315 284 3382 320
311 3313 480 3381 discrimen
501 3317 585 3380 inter
607 3317 686 3398 πρίν
708 3326 741 3380 et
762 3317 841 3399 πρὶν
862 3315 968 3394 desse
985 3316 1113 3399 diceret,
1136 3317 1218 3382 eius-

125 3417 197 3482 dem
220 3420 397 3484 scntentiae
421 3419 548 3483 uidetur
566 3419 675 3487 fuisse.
719 3417 884 3483 Herodoto
908 3417 1045 3506 denique
1061 3427 1093 3484 et
1107 3411 1217 3486 recen·

125 3521 260 3587 tioribus
283 3521 492 3608 scriptoribus
517 3521 585 3587 sine
608 3523 829 3588 controuersia
847 3522 926 3608 πρὶν
941 3513 962 3601 ἥ
977 3522 1219 3589 concedendum
1342 3548 1344 3556 ·

125 3635 189 3705 est,
220 3625 258 3690 ef.
280 3624 393 3712 Poppo
420 3625 438 3690 l.
462 3625 498 3692 cl.
523 3634 554 3690 et
576 3625 715 3712 Vigerus
737 3646 811 3711 pag.
833 3625 897 3690 442
920 3624 968 3692 ed.
991 3624 1101 3690 Herm.
1146 3626 1218 3712 quis

124 3737 232 3794 tamen
253 3729 373 3814 primus
387 3722 475 3815 ’πρὶν
496 3728 517 3806 ἥ
538 3738 612 3816 post
626 3728 807 3793 Atticorum
824 3730 1016 3817 scriptorum
1030 3730 1218 3795 memoriam

124 3831 290 3919 scripsisse
317 3832 427 3918 utique
457 3831 650 3897 iudicandus
681 3842 780 3916 esset,
809 3834 1007 3920 inuestigare
1028 3856 1094 3900 non
1116 3835 1217 3919 potui.

123 3956 183 3998 nee
204 3933 265 3999 hoe
288 3935 363 3998 sciri
385 3934 521 4000 multum
544 3936 658 4002 refert:
681 3938 800 4002 etenim
823 3938 972 4004 siusium
987 3936 1216 4004 Demosthenis

195 4107 220 4171 1)
239 4109 280 4174 ,ut
296 4109 406 4159 tantam
425 4106 615 4161 calamitatem
633 4106 753 4162 uiseret‘.

192 4193 220 4259 2)
236 4189 406 4246 adiectiuum
424 4193 589 4277 παράνομος
605 4196 649 4247 est
666 4191 775 4248 XXIII.
794 4194 834 4259 19,
859 4194 902 4260 22,
921 4195 964 4261 23,
988 4196 1031 4266 36,
1049 4195 1093 4266 61,
1112 4197 1155 4262 81,
1172 4198 1215 4262 96,

124 4279 182 4345 101,
200 4279 260 4334 220.
