2700 4658
568 269 780 333 ..33-

125 437 340 524 spopondisse
361 439 494 523 negitet.
538 439 566 504 si
590 439 677 503 enim
698 437 876 525 Apaturius
898 437 1057 524 praedem
1073 460 1143 504 esse
1165 458 1217 503 ac·

124 547 229 606 torem
250 540 412 609 iudicibus
434 540 629 629 persuadere
650 549 786 627 poterat,
809 549 899 607 actor
918 540 1094 616 dissoluere
1109 540 1221 609 debuit

124 642 225 715 etiam
249 643 365 710 sinon
385 644 586 724 mercatoria,
609 653 644 708 at
666 642 730 712 alia
752 652 838 710 certe
859 645 986 713 actione
1008 644 1189 721 damnatus

211 767 327 813 uerum
353 748 440 813 anim
468 768 546 815 uero
576 767 701 829 summo
732 769 828 834 opere
849 748 998 834 equidem
1020 771 1148 832 uereor,
1177 771 1219 815 ne

124 858 236 916 orator
270 848 304 916 id
339 850 427 937 quod
462 849 565 917 uoluit
601 849 760 917 iudicibus
794 851 934 937 probare
968 874 1035 919 non
1069 853 1218 940 potuerit

123 953 266 1041 primum
288 952 418 1039 quidem
440 953 527 1021 nullo
543 953 726 1019 testimonio
747 952 1002 1023 demonstratum
1017 963 1066 1021 est
1079 953 1217 1041 Archip-

122 1078 203 1145 pum
233 1055 489 1143 Myrrhinusium
517 1077 576 1142 pro
605 1054 821 1123 Parmenonte
849 1059 1069 1146 spopondisse.
1119 1057 1218 1145 quid?

123 1181 233 1229 nonne
264 1159 447 1225 mirandum
469 1167 534 1240 est,
562 1157 650 1246 quod
672 1180 736 1224 non
757 1160 864 1249 ipsum
887 1160 1088 1250 Archippum
1110 1169 1219 1228 orator

123 1270 244 1335 testem
265 1262 437 1335 adhibuit?
482 1270 516 1329 at
537 1260 623 1327 diest
645 1261 760 1347 aliquis
782 1264 985 1352 Archippum
1006 1265 1156 1347 ueritum,
1176 1285 1218 1330 ne

122 1367 195 1454 ipse
216 1367 387 1454 pecuniam
410 1365 585 1433 dissoluere
607 1375 785 1450 cogeretur,
807 1368 1026 1437 testimonium
1048 1367 1142 1435 edero
1161 1389 1219 1434 no-

123 1469 234 1537 luisse.
288 1477 322 1536 at
346 1469 409 1536 hoo
430 1478 516 1536 certe
536 1468 734 1537 monendum
755 1479 826 1539 erat
847 1469 890 1537 ab
912 1479 1040 1543 oratore
1061 1469 1219 1556 simulque

124 1583 196 1644 erat
225 1573 469 1661 exponendum,
497 1594 596 1660 quam
623 1574 718 1660 parui
743 1573 924 1662 putandum
953 1581 1040 1640 esset
1060 1573 1219 1660 Archippi

124 1677 298 1751 silentium.
342 1675 405 1744 bac
425 1677 525 1762 igitur
539 1698 567 1742 a
587 1685 680 1765 parte
702 1699 768 1752 non
790 1676 922 1745 dubium
945 1677 1086 1764 estquis
1101 1677 1219 1743 actoris

124 1781 230 1851 oratio
260 1788 293 1846 et
321 1780 476 1847 acerrime
507 1786 539 1845 et
560 1779 744 1846 felicissime
765 1781 951 1868 impugnari
972 1780 1128 1869 potuerit,
1156 1779 1220 1845 nisi

123 1883 210 1951 forte
239 1882 425 1971 Archippus
458 1883 524 1951 iam
553 1884 633 1949 uita
651 1892 807 1966 cesserat,
838 1883 924 1970 quod
953 1891 1063 1949 tamen
1093 1881 1220 1950 silentio

123 1987 381 2075 praetermittere
411 1992 520 2053 orator
547 2006 613 2051 non
636 1985 756 2052 debuit.
808 1985 924 2053 deinde
946 1995 1055 2054 orator
1075 2007 1142 2053 non
1165 1986 1218 2051 de·

124 2089 321 2163 monstrauit
348 2089 530 2177 pactionem
559 2087 680 2164 idcireo
714 2087 853 2158 deletam
884 2110 973 2172 esse,
1009 2111 1050 2157 ne
1079 2087 1221 2175 Apaturi

123 2195 236 2282 prauis
258 2192 399 2261 consiliis
422 2191 572 2258 obstaret.
616 2215 693 2259 nam
715 2213 911 2279 quamquam
933 2191 983 2258 bis
1002 2194 1067 2276 §.3
1088 2201 1120 2259 et
1134 2197 1163 2276 ξ.
1180 2192 1220 2259 18

123 2297 285 2384 Mam
307 2295 467 2365 medicum
487 2294 640 2363 Piraeum
661 2296 761 2364 totius
781 2295 847 2363 litis
869 2304 1034 2370 auctorem
1055 2318 1127 2363 esse
1147 2318 1221 2383 pro·

124 2400 265 2484 nuntiat,
286 2407 397 2466 tamen
417 2408 531 2465 neutro
553 2398 624 2465 loco
639 2399 819 2467 rationibus
834 2421 903 2465 rem
917 2399 1058 2488 probare
1071 2398 1219 2465 instituit

123 2503 356 2591 opportuniore
377 2524 455 2568 uero
477 2501 664 2569 condicione
687 2502 748 2569 fuit
761 2502 957 2590 Apaturiusr
979 2502 1120 2589 primum
1134 2501 1220 2568 enim

123 2605 303 2682 Aristocles
314 2609 340 2693 ¹)
369 2613 545 2673 testaturus
570 2612 642 2671 erat
665 2612 806 2672 actorem
827 2626 886 2691 pro
908 2603 1124 2671 Parmenonte
1146 2624 1219 2689 spo·

122 2711 288 2800 pondisse.
331 2730 393 2775 nec
414 2731 463 2793 ea,
485 2729 568 2795 quac
590 2707 634 2774 ad
655 2706 825 2775 Aristoclis
846 2706 943 2776 fidem
958 2704 1221 2780 labefactandam

123 2813 166 2883 ab
199 2823 327 2880 oratore
348 2813 375 2898 ὅ.
397 2813 440 2881 38
472 2811 600 2899 prolata
622 2819 715 2888 sunt,
744 2810 971 2899 nisiApaturi
990 2811 1082 2876 iussu
1113 2810 1221 2896 pactio

123 2918 230 2987 deleta
245 2926 339 2999 esset,
353 2917 496 3010 futurum
514 2914 614 2981 fuisse
629 2922 665 2983 ut
677 2914 740 2979 iste
754 2914 963 2980 uehementer
977 2914 1080 2981 iratus
1094 2913 1220 2980 Aristo·

123 3021 207 3088 clem
235 3020 365 3086 nomine
394 3018 518 3087 deletae
547 3018 707 3105 pactionis
736 3018 930 3105 postularet,
959 3026 1085 3084 tantum
1111 3016 1221 3091 ualere

123 3123 206 3191 mibi
237 3123 405 3204 uidentur,
434 3130 471 3187 ut
500 3121 542 3187 ab
565 3121 724 3207 Apaturio
753 3121 831 3187 reici
860 3143 925 3188 non
946 3122 1118 3208 potuerint.
1167 3120 1221 3187 bic

124 3228 212 3294 enim
234 3225 395 3310 urguebat
416 3224 531 3310 opinor
548 3226 618 3293 sine
632 3225 748 3292 fraude
762 3233 795 3290 et
810 3224 883 3298 dolo
898 3224 1052 3291 tabellam
1066 3224 1221 3291 amissam

124 3353 197 3399 esse
220 3329 433 3417 exposuitque
455 3329 569 3413 magni
591 3351 650 3396 sua
671 3328 865 3408 interfuisse,
891 3349 932 3395 ne
954 3329 1023 3395 eius
1045 3328 1223 3415 susciperet

122 3433 320 3516 inimicitias,
343 3453 441 3520 quem
460 3431 572 3513 solum,
586 3440 702 3499 testem
724 3431 787 3501 sibi
807 3430 877 3497 fore
894 3430 1050 3498 sciuisset.
1095 3452 1134 3497 ac
1148 3451 1221 3516 pro·

123 3540 212 3605 fecto
227 3560 293 3603 non
312 3537 380 3601 sine
396 3535 504 3622 aliqua
518 3535 757 3625 probabilitatis
772 3534 879 3621 specie
892 3534 998 3600 dicere
1010 3532 1092 3600 baec
1102 3533 1222 3621 potuit:

123 3665 203 3711 nam
232 3647 341 3706 orator
370 3638 561 3724 neglexerat
590 3637 674 3711 illut
699 3658 856 3722 urguere,
886 3658 949 3723 quo
976 3659 1101 3705 summo
1125 3657 1222 3724 opere

123 3743 280 3811 Aristocli
300 3741 397 3808 fidem
412 3741 582 3808 detrahere
596 3749 739 3828 poterat:
761 3739 900 3805 eundem
915 3740 1055 3826 Apaturi
1069 3739 1221 3829 praedem

122 3850 243 3928 fuisse,
270 3845 326 3932 qui
348 3843 598 3912 Parmenontem
624 3844 872 3911 condemnasset
884 3844 925 3930 2);
956 3843 1145 3929 neglexerat
1167 3865 1221 3909 ex·

124 4008 336 4018 -u-—·-—

195 4091 225 4247 ll
241 4086 509 4231 dlferltdgbarestius
533 4188 599 4244 pag.
626 4171 675 4228 199
697 4170 752 4227 hoe
773 4170 904 4227 miratur:
933 4171 962 4224 la
984 4169 1099 4237 cantion
1118 4169 1222 4240 d'Apa·

123 4263 234 4324 tourios
263 4260 356 4335 inquit
378 4258 448 4315 treis
476 4257 664 4332 precisdment
692 4274 743 4314 son
771 4256 876 4312 arbitro
903 4255 1070 4326 Aristocles,
1097 4273 1135 4314 ce
1162 4255 1221 4332 qui

997 4345 1016 4404 d
