2700 4658
556 256 763 321 ...43-

180 505 184 514 ⁵
204 423 456 517 Μυρρινούσιος,
478 431 590 494 ἔπειτα
612 419 813 513 πειράσομαι
827 429 885 493 καὶ
898 433 934 492 ὲκ
951 428 1131 515 τεκμηρίων
1145 423 1208 506 τὴν

203 528 388 617 ἀπολογίαν
416 530 632 612 ποιήσασθαι
661 523 688 595 οἶ
716 523 830 614 ἄνδρες
857 530 1021 596 δικασταί.
1073 531 1207 616 πρῶτον

203 635 262 719 μὲν
289 633 385 701 ΟΥΝ
408 629 483 701 τὸν
507 628 663 720 χρόνον
684 635 821 718 ἑμαυτρί
842 629 988 717 ἡγοῦμαι
1007 625 1207 719 μάρτυρα

203 733 285 803 εἶναι
313 740 375 804 τοῦ
400 737 448 823 μὴ
468 735 596 817 ἀληθὲς
617 732 657 802 τὸ
681 739 826 820 ἔγκλημα
848 733 933 802 εἶναι
961 775 1002 785 —-
1032 737 1103 822 (27)
1125 737 1209 819 λαβὲ

204 835 243 920 δὴ
264 866 324 926 μοι
345 843 402 907 καὶ
423 834 485 908 τδν
505 833 611 926 νόμον
634 834 671 916 ὃς
693 835 811 906 κελεύει
833 833 895 915 τολς
911 836 1030 925 ἐγγύας
1045 841 1208 913 ἐπετείους

204 940 293 1010 εἶναι.
345 945 401 1010 καὶ
431 939 492 1010 οὐκ
521 944 730 1030 ἰσχυρίζομαι
758 943 807 1027 τῷ
832 936 938 1028 νόμῳ,
969 942 1012 1018 ὡς
1038 939 1077 1008 οὐ
1101 944 1149 1008 δεῖ
1168 966 1209 1027 με

202 1047 294 1126 δίκην
305 1048 431 1128 δοῦναι,
441 1041 701 1132 είίγγγυησοίμην,
711 1039 797 1112 ἄλλα
811 1037 1004 1131 μοίρτυροί
1017 1048 1088 1132 μοί
1107 1067 1208 1132 φημι

203 1144 278 1218 τὸν
306 1147 438 1235 νόμον
465 1149 576 1216 εἶναι
605 1149 666 1215 τοῦ
694 1142 741 1233 μὴ
768 1142 1003 1234 ἐγγυήσασθαι
1024 1150 1082 1213 καὶ
1103 1142 1209 1214 αὐτὸν

205 1251 331 1319 τοῦτον.
387 1277 428 1318 ex
458 1276 521 1340 quo
545 1254 777 1318 sententiarum
799 1273 925 1318 conexu
948 1252 1027 1315 satis
1051 1272 1209 1339 superque

204 1355 327 1422 elucere
347 1357 427 1422 mihi
448 1357 577 1423 uidetur
599 1365 758 1423 oratorem
779 1379 820 1422 ea
840 1355 1041 1438 testimonia,
1068 1375 1151 1440 quae
1175 1377 1209 1419 se

203 1457 402 1546 prolaturum
423 1461 578 1547 promisit,
599 1484 635 1525 re
656 1482 736 1526 uera
756 1459 936 1547 protulisse.
984 1460 1017 1523 in
1039 1481 1079 1524 ea
1102 1467 1209 1523 autem

203 1584 237 1628 re
258 1572 354 1646 errat,
376 1563 463 1650 quod
486 1586 525 1628 ea
547 1573 747 1649 argumenta,
775 1552 859 1648 quae
881 1561 989 1646 legum
1011 1570 1044 1626 et
1065 1563 1207 1628 testimo·

203 1667 326 1732 niorum
349 1667 558 1733 fundamento
580 1667 736 1742 nituntur,
757 1666 837 1752 ipsis
860 1666 994 1750 opponit
1011 1667 1209 1750 argumentis

205 1778 235 1833 et
261 1771 392 1835 nomine
417 1762 596 1855 μαρτύρων
625 1771 767 1854 insignit.
824 1788 1019 1856 quamquam
1046 1792 1111 1835 non
1142 1778 1209 1834 tam

203 1873 360 1938 errauisse
390 1873 519 1937 uidetur
545 1895 643 1960 quam
672 1873 816 1939 consulto
847 1871 909 1936 hae
937 1870 1110 1939 uerborum
1135 1894 1210 1939 oon·

125 2019 129 2028 -
204 1975 328 2042 fusione
349 1999 428 2041 usus
450 1998 530 2058 esse,
554 1986 591 2041 ut
613 1974 830 2064 sophistarum
852 1976 977 2040 ratione
1000 1975 1151 2059 efficeret,
1174 1985 1210 2041 ut

205 2080 234 2143 ei
265 2080 321 2167 qui
353 2082 531 2146 orationem
554 2081 705 2147 audirent
734 2078 796 2145 sibi
821 2080 1053 2168 persuaderent
1073 2102 1109 2145 re
1130 2103 1211 2146 uera

202 2182 395 2248 inartificiali
424 2184 617 2271 probatione
647 2185 901 2250 demonstratum
923 2204 1011 2262 esse,
1046 2183 1133 2270 quod
1155 2184 1209 2249 de-

204 2293 416 2351 monstratum
430 2310 496 2352 non
512 2297 589 2354 erat
634 2288 720 2353 hane
733 2289 767 2353 in
782 2289 975 2352 sententiam
988 2295 1025 2351 ut
1039 2286 1210 2375 disputem,

204 2409 242 2452 ea
270 2391 473 2477 potissimum
493 2412 530 2455 re
551 2413 762 2474 conmoueor‚
795 2389 882 2477 quod
900 2390 1001 2470 idem,
1026 2392 1082 2476 qui
1111 2400 1208 2456 antea

204 2487 376 2578 μάρτυρας
411 2499 443 2556 et
476 2485 636 2578 τεκμήρια
661 2493 757 2582 plane
790 2493 953 2577 distinxit,
982 2502 1096 2581 postea
1124 2493 1210 2559 hane

207 2592 444 2660 distinctionem
465 2596 537 2684 ipse
558 2596 726 2662 obseurat:
749 2619 826 2660 nam
848 2617 921 2660 cum
943 2596 1149 2685 paragrapho
1168 2600 1208 2663 27

208 2687 268 2760 τὸν
296 2688 403 2781 νόμον
433 2698 495 2763 sibi
522 2695 677 2784 μάρτυρα
707 2721 777 2764 esse
808 2699 910 2778 dieat,
938 2699 1145 2787 paragrapho
1169 2701 1210 2765 28

206 2797 254 2863 his
262 2801 384 2885 pergit:
395 2803 545 2885 γενέσθω
558 2804 673 2868 τοίνυν
680 2802 770 2867 ΚΑΙ
776 2803 878 2868 τοῦτο
890 2800 970 2886 υμῖν
986 2796 1212 2888 τεκμήριον,

208 2904 299 2988 quasi
329 2913 426 2968 antea
452 2927 516 2969 non
538 2906 721 2978 testimonia
744 2905 802 2970 sed
824 2917 1015 2991 argumenta
1036 2907 1213 2993 protulerit.

210 3028 247 3070 ae
267 3004 419 3070 facillime
441 3007 511 3071 fieri
532 3009 647 3095 potuit,
668 3017 706 3073 ut
727 3018 836 3075 orator
856 3009 979 3075 iudices
995 3011 1139 3075 oratione
1155 3032 1214 3074 sua

205 3107 336 3176 falleret.
395 3112 514 3174 etenim
547 3112 646 3175 etiam
675 3113 795 3177 sinon
824 3113 1070 3194 Demosthenis,
1105 3121 1214 3177 tamen

210 3211 344 3276 aliorum
362 3221 527 3278 oratorum
549 3215 647 3279 moris
670 3222 728 3295 est,
750 3224 786 3279 ut
807 3215 1000 3280 documenta
1021 3225 1112 3280 muta
1132 3210 1216 3298 μοίρ-

209 3337 309 3401 τυρας
332 3316 448 3381 dicant.
471 3317 510 3381 ef.
534 3317 660 3402 [Dem]
682 3316 893 3384 XXXXVII.
915 3320 966 3382 24.
990 3313 1118 3384 τούτων
1138 3315 1216 3400 ὑμῖν

210 3413 424 3501 μοίρτυρας
457 3418 642 3503 παρέξομαι
663 3415 712 3485 τό
741 3444 785 3484 τε
815 3413 1014 3509 ψήφισμα
1043 3421 1109 3484 καὶ
1140 3413 1229 3484 τὸν

209 3522 349 3604 νόμον,
372 3527 483 3586 ἔπειτα
505 3523 567 3600 τὴν
591 3517 697 3608 ἀρχὴν
719 3515 827 3602 αὐτὴν
849 3516 910 3601 τὴν
925 3520 1145 3607 παραδοῦσαν
1161 3524 1218 3587 καὶ

213 3623 455 3708 εἰσαγαγοῦσαν
490 3628 533 3700 είς
567 3619 604 3691 τὸ
635 3623 864 3709 δικαστήριον,
896 3627 1047 3691 Aesohin.
1077 3625 1137 3692 III.
1167 3627 1218 3691 31.

212 3722 422 3811 μάρτυρας
444 3721 516 3810 ἅμα
539 3724 633 3804 τοὺς
655 3721 801 3812 νόμους
824 3730 892 3793 καὶ
909 3722 1219 3817 τολεμηφίσματα

161 3835 164 3839 ’
215 3831 270 3894 καὶ
292 3824 370 3904 τούς
392 3827 582 3905 ἀντιδίκους
605 3824 826 3917 παρεχόμενος
848 3833 1052 3918 maximeque
1070 3828 1221 3924 Aesohin.

213 3929 255 3998 ΙΙ.
290 3933 339 3996 31.
378 3935 435 3997 καὶ
474 3925 612 3998 πάντων
649 3925 695 3999 ὦν
732 3934 857 4020 ε’ίποιμι
891 3927 1112 4019 μάρτυρας
1148 3925 1222 4008 τὰς

215 4035 386 4099 ἐκείνων
414 4028 646 4111 ἐπιστολὰς
675 4033 882 4124 παρειχόμην
912 4039 983 4102 καὶ
1014 4031 1064 4100 τὰ
1087 4039 1221 4123 ψηφί-

218 4158 357 4221 σματα
373 4137 433 4202 τοῦ
445 4133 552 4221 δήμου
568 4140 641 4204 καὶ
657 4134 731 4215 τοὶς
744 4143 1051 4215 Καλλισθένους
1066 4132 1223 4225 ἁνογοίς,

116 4279 118 4286 -
217 4261 278 4326 quo
315 4241 444 4326 quidem
481 4242 552 4308 loeo
581 4244 717 4308 oratoris
747 4244 887 4310 audacia
916 4267 982 4311 non
995 4313 997 4317 Α
1011 4243 1128 4310 lenitur
1161 4243 1224 4329 syl-
