2700 4658
495 269 708 335 ..57-

97 436 245 502 noludere
281 437 372 520 lieet,
405 437 634 506 Demosthenis
671 439 871 528 temporibus
904 442 970 506 iem
1003 440 1149 508 obsoleto

97 539 182 605 Ietur
203 541 313 625 fuisse,
335 564 396 608 neo
409 542 515 608 Iooum
537 542 691 610 habuisse
709 544 773 610 nisi
794 545 829 608 in
849 544 956 630 legum
978 551 1012 609 et
1026 547 1148 633 pactio-

97 666 131 708 m
152 644 309 711 formulis.
352 669 437 733 quoe
459 649 645 713 coniectura
668 649 696 713 si
718 671 796 713 uera
818 657 882 729 est,
914 670 981 714 uox
1011 648 1067 713 illa
1088 648 1150 715 boo

97 770 138 830 κο,
171 770 233 833 quo
266 759 492 834 argumentum
520 750 728 840 syngraphae
755 760 941 832 enarratur,
974 753 1093 840 optime
1116 774 1150 816 se

97 851 153 917 bet
183 874 245 918 nee
275 854 448 939 quiequam
477 854 520 919 od
555 855 710 923 orationis
740 856 929 941 scriptorem
951 856 1148 943 inuestigan-

97 978 131 1020 m
156 955 251 1024 ualet.
1142 1013 1143 1016 ,

137 1063 158 1142 ξ
181 1061 231 1125 17.
276 1051 512 1144 ἀγανακτήσας
528 1059 578 1145 τῷ
599 1053 709 1146 λόγῳτ
733 1057 936 1148 ἀγανακτεῖν
951 1083 1024 1127 oum
1040 1062 1150 1128 datiuo

97 1163 260 1228 niunotum
281 1165 314 1227 in
328 1162 557 1228 Demosthenis
572 1164 772 1231 orationibus
786 1187 852 1230 non
866 1167 1033 1252 reperitur.
1063 1165 1151 1252 quod

97 1291 118 1332 ,ο
133 1266 261 1332 facilius
275 1266 416 1354 perspici
431 1268 542 1354 possit,
565 1269 670 1333 omnis
694 1270 749 1355 qui
772 1264 973 1353 ἀγανακτεῖν
993 1266 1151 1353 praebent

97 1391 141 1435 ns
164 1392 205 1435 ex
227 1391 361 1458 corpore
383 1370 563 1435 orationum
586 1371 913 1438 Demosthenieorum
935 1371 1086 1437 afferam:

141 1469 345 1557 ἀγανακτεῖν
366 1472 466 1556 igitur

142 1577 174 1663 1)
199 1575 345 1642 absolute
374 1575 515 1661 positum
553 1585 616 1642 est:
649 1576 756 1643 VIIII.
796 1580 850 1655 11,
880 1577 931 1658 28,
961 1577 1089 1663 [XVII]
1121 1578 1151 1660 5,

97 1680 178 1747 vrri.
195 1681 247 1761 22,
269 1678 409 1746 xvnrr.
425 1678 500 1760 286,
521 1679 666 1763 xxm,
690 1681 761 1763 148,
784 1679 1019 1760 11113159,
1044 1683 1104 1747 108
1116 1682 1163 1767 ι),
1298 1719 1300 1727 ·

98 1787 127 1868 3,
152 1785 222 1863 129,
244 1782 353 1848 XXII.
367 1783 419 1864 24,
440 1781 584 1847 XXIIII.
602 1784 651 1866 13,
670 1785 740 1867 131,
756 1783 898 1851 XXVII.
914 1785 964 1865 63,
987 1783 1152 1874 [XXXVI

99 1941 106 1968 ‚
136 1887 187 1968 45,
220 1885 395 1952 XXXVII.
427 1885 459 1962 2,
492 1885 655 1954 XXXXI.
687 1887 725 1968 4,
758 1889 817 1970 18,
849 1887 1068 1976 [XXXXIII.]
1102 1889 1152 1967 60,

97 1992 264 2074 XXXV]
294 1991 323 2070 3,
354 1988 606 2078 [ΧΧΧΧἯΙΙ]
636 1990 687 2070 28,
716 1989 787 2058 LV.
815 1989 845 2072 5,
875 1990 927 2074 29,
958 1989 1069 2080 [LVI]
1101 1992 1153 2072 11,

97 2094 214 2182 VIIII]
240 2094 310 2173 109,
333 2091 496 2182 [prooem]
517 2093 568 2158 41.
592 2095 621 2158 1.

141 2198 174 2284 2)
197 2198 405 2262 coniunctum
427 2205 490 2262 est:
1013 2212 1019 2223 “

143 2305 176 2380 a)
199 2321 272 2363 oum
295 2301 350 2365 ἐπί
372 2308 404 2364 et
427 2299 553 2368 detine:
574 2298 705 2386 [XVII]
728 2301 758 2380 3,
780 2300 911 2365 XVIII.
928 2302 1001 2383 238,
1022 2300 1153 2369 XXIII.

97 2406 129 2483 11,
149 2401 294 2467 XXIIII.
319 2403 391 2485 175,
414 2401 687 2491 [XXXIIII.]19,
710 2401 875 2491 [XXXV]
895 2405 947 2484 31,
976 2403 1151 2492 [ΧΧΧΧ.)

103 2504 364 2593 ,[ΧΧΧΧἮΙ.)
385 2504 438 2585 41,
461 2502 713 2592 [XXXXVIII.]
736 2505 767 2587 6,
789 2505 840 2571 28.

143 2609 177 2690 b)
201 2632 274 2674 oum
290 2608 477 2674 aoeusetiuo
493 2609 734 2694 pronominumz
756 2602 842 2672 αὐτὸ
865 2607 968 2674 τοῦτο
990 2608 1083 2671 VIII.
1100 2610 1153 2690 55,

97 2711 158 2778 rito
181 2712 250 2802 [X]
274 2714 326 2793 57,
349 2710 532 2778 riXVIIII.
552 2711 625 2791 305,
655 2703 679 2776 ἀ
698 2709 794 2776 ΧΧΙ.
818 2712 868 2792 16,
891 2712 912 2776 ὅ
932 2709 1080 2778 XXIIII.
1103 2713 1155 2793 88,

97 2813 163 2881 ιῦτο
183 2815 292 2882 LIIII.
315 2817 364 2884 15.
867 2861 869 2866 .
1224 2851 1226 2855 <

146 2921 176 3005 α)
199 2942 273 2985 oum
294 2917 376 3003 ἀπέρ
398 2927 430 2983 et
451 2916 611 3002 genitiuo:
633 2916 727 2982 XXI.
752 2918 780 3002 6,
802 2917 912 2985 XXII.
935 2919 988 3000 66,
1010 2916 1156 2982 ΧΧΙΙΙΙ.

105 3024 135 3105 3,
157 3022 268 3088 XXX.
291 3022 341 3087 29.

148 3125 181 3212 d)
203 3147 277 3190 oum
294 3125 367 3207 περί
381 3133 414 3189 et
424 3124 586 3209 genitiuo:
608 3122 774 3212 [XXXX]
789 3123 841 3206 49,
856 3123 1019 3190 XXXXI.
1035 3124 1087 3208 22,
1105 3124 1157 3191 25.

151 3237 179 3306 e)
203 3228 282 3295 κατ’
307 3220 392 3293 αὐτὸ
416 3224 519 3292 τοῦτο
541 3225 682 3292 XVIIII.
705 3226 777 3294 214.

150 3333 184 3419 3)
206 3333 367 3418 sequitur:

148 3440 178 3519 a)
202 3439 245 3502 sl:
268 3434 411 3499 XVIIII.
435 3435 507 3514 182,
529 3431 676 3498 XXIIII.
701 3433 772 3512 131,
796 3429 927 3518 [XXX]
950 3431 1001 3497 58.

151 3538 185 3625 b)
208 3540 280 3604 riu:
303 3534 571 3626 [XXXXVIIII.]
594 3537 643 3602 16.

153 3641 325 3727 singularis
355 3649 404 3705 est
433 3648 596 3705 structura
625 3634 791 3727 [prooem]
822 3636 873 3701 41.
903 3636 924 3701 2
953 3637 1015 3703 νῦν
1035 3660 1161 3723 γεγενη-

97 3742 172 3810 inor
203 3741 435 3828 ἀγανακτεῖτε,
467 3742 524 3808 ubi
551 3750 661 3807 tamen
690 3740 782 3807 codd.
814 3741 877 3822 FQ
911 3763 961 3826 γρ.
990 3743 1063 3824 περὶ
1093 3740 1162 3807 τῶν

97 3852 284 3932 ῑγενημῖνων
305 3846 393 3911 houd
416 3845 482 3911 seio
505 3868 547 3912 an
568 3845 731 3932 probabili
753 3844 938 3910 oonieotura
959 3842 1125 3930 praebent.

138 4019 164 4084 1)
181 4022 224 4072 ἔτι
242 4015 337 4086 πολλῷ
354 4015 554 4089 χαλεπώτερον
571 4015 682 4074 τούτοις
705 4022 763 4073 τοῖς
782 4016 855 4087 μετὰ
872 4019 962 4069 ταῦτα
979 4013 1096 4080 ἐνήνοχα
1115 4020 1164 4067 καὶ

97 4100 171 4160 ittae
186 4103 382 4178 ἤγανάκτηκατ
405 4119 441 4158 ne
459 4103 604 4174 putauerit
629 4104 683 4159 hoe
705 4104 767 4160 loeo
784 4105 956 4178 ἀγανακτεῖν
978 4118 1043 4157 eum
1067 4101 1165 4158 datiuo

97 4190 248 4249 ›niunotum
272 4207 342 4247 esee.
379 4190 493 4246 dstiuus
516 4208 574 4247 non
597 4190 704 4263 pendet
727 4190 782 4247 nisi
808 4187 975 4257 αγαῖεπῶε
992 4186 1111 4256 ἐνήνοχα
1128 4190 1165 4248 ef.

97 4267 207 4352 ruegeri
225 4285 277 4335 art.
294 4278 316 4333 1.
335 4279 377 4334 60.
395 4279 421 4334 5.
