2700 4658
498 290 708 354 „19-

58 456 305 543 soripseruntl),
327 480 393 523 nen
413 460 479 523 iam
503 459 542 524 de
566 461 648 539 dote,
671 482 775 546 neque
799 462 884 525 enim
904 485 924 526 a
946 463 1086 528 diaeteta
1108 464 1150 528 ad

56 557 181 622 iudices
202 572 460 646 prouocauerant
473 565 515 647 2),
538 563 596 627 sed
618 565 690 629 aliis
712 566 752 628 de
774 564 871 629 rebus
882 565 917 651 3).
959 565 1022 631 hac
1043 577 1149 632 autem

57 662 253 747 antigrapho
283 666 442 729 actionem
473 686 494 728 a
521 665 702 732 Mantitheo
731 668 888 732 intentam
923 668 1054 733 dilatam
1085 693 1148 734 non
1182 672 1185 677 ’

58 786 131 829 esse
153 787 194 829 ex
216 768 318 852 ipsius
342 769 477 835 oratoris
500 769 607 835 uerbis
630 780 773 857 apparet,
796 771 851 856 qui
873 771 1077 859 paragrapho
1100 771 1150 835 111

55 867 154 951 plane
176 879 274 951 negat
296 870 336 935 de
351 870 464 937 Boeoti
487 893 604 938 caussa
625 874 690 938 iam
711 873 887 938 iudicatum
911 896 980 938 esse
1002 888 1034 938 et
1056 898 1150 962 para-

55 970 183 1056 grapho
205 971 305 1037 XVII
338 974 478 1039 affirmat
508 996 657 1041 caussam
680 999 715 1042 se
744 997 857 1061 agere,
890 999 985 1063 quam
1008 978 1148 1044 Boeotus

56 1075 221 1140 contraria
242 1079 370 1142 actione
390 1077 562 1164 prohibere
582 1079 728 1143 uoluerit.

142 1176 188 1245 II.
225 1178 345 1244 Similis
367 1189 417 1245 est
439 1202 563 1262 caussa,
586 1204 669 1267 quae
691 1205 712 1246 a
732 1182 951 1248 Demosthene

143 1280 304 1350 XXXXI.
330 1285 370 1348 12
392 1284 442 1348 his
464 1286 651 1370 exponitur:
683 1285 758 1360 ἴσως
780 1289 894 1351 τοίνυν
916 1277 944 1348 οἰ
965 1277 1079 1371 ἄνδρες
1101 1288 1148 1351 δι·

53 1387 179 1448 κοσταὶ
202 1381 285 1470 πρὸς
305 1390 368 1472 μὲν
382 1383 476 1452 ταῦτ’
504 1383 598 1453 οὐδὲν
620 1383 747 1472 ἀντερεῖ
759 1387 951 1462 Σπουδίας·
973 1383 1147 1475 οὐδὲνγὰρ

58 1484 120 1565 ἕξει
144 1490 262 1572 καίπερ
284 1483 388 1566 δεινδς
410 1491 473 1558 νίν·
502 1485 691 1555 αἰτιάσεται
714 1492 748 1556 δέ
769 1485 986 1557 Πολύευκτον
1008 1493 1064 1556 καὶ
1086 1484 1149 1569 τὴν

53 1599 199 1672 γυναῖκα
223 1588 327 1659 αὐτοῦ
349 1594 406 1657 καὶ
427 1589 524 1683 φύσει
546 1587 661 1658 πάντα
682 1593 790 1659 ταῦτα
813 1587 869 1658 ὑπ’
896 1592 978 1674 ἐμοῦ
991 1596 1146 1660 πεισδέυ·

54 1715 118 1765 τας
140 1697 450 1781 καταχαρίσασθαι,
470 1696 527 1762 καί
548 1687 590 1772 νὴ
612 1691 665 1760 Δί’
693 1702 786 1782 ἕτερα
809 1689 919 1760 πολλοὶ
939 1697 997 1760 καί
1018 1697 1148 1781 μεγοίλα

53 1791 728 1884 βλοίπτεσδαικαίδίκηνείληχέναι
745 1823 834 1883 μου.
868 1793 975 1882 ἐγοίδ
995 1790 1149 1887 οἰᾶνδρες
1199 1892 1202 1896 ⁴

58 1899 216 1966 δικασταὶ
237 1901 370 1987 πρῶτον
388 1904 450 1985 μὲν
471 1897 532 1988 οὐχ
553 1899 699 1987 ἡγοῦμαι
722 1904 857 1967 δικαίαν
878 1895 1045 1980 εἶναιτὴν
1066 1898 1148 1967 ἀπο·

53 2003 175 2086 λογίαν
198 1998 261 2082 τὴν
283 2000 445 2083 τοιαύτην
467 2008 523 2070 καὶ
545 1999 731 2089 προσήκειν,
755 1999 839 2071 ὅταν
847 2029 903 2078 τις
926 2002 1074 2090 φανερῶς
1089 2003 1150 2083 ἐξε-

51 2105 212 2190 λέγχηται
224 2112 507 2194 μεταστρέψαντα
517 2099 578 2182 τοίς
594 2110 703 2183 αἰτίας
719 2111 865 2192 ἐγκαλεῖν
876 2106 931 2170 καί
947 2100 1149 2188 διαβάλλειν.

54 2201 129 2270 ἀλλ’
168 2211 296 2274 ἐκείνων
327 2213 402 2292 μὲν,
435 2212 522 2296 εἰπερ
554 2206 733 2293 ἀδικεῖται,
765 2209 895 2293 δῆλον
927 2210 996 2274 ὅτι
1027 2208 1150 2286 δίκην

53 2304 258 2397 λήψεται,
282 2307 410 2378 τούτων
426 2312 461 2377 δὲ
476 2304 580 2381 δύσει.
625 2323 715 2380 actor
728 2314 827 2398 igitur
842 2333 977 2377 caussae
992 2310 1147 2396 Spudiam

56 2411 95 2476 de
112 2412 188 2476 dote
204 2415 379 2494 accusauit,
401 2414 452 2479 hie
468 2425 575 2480 autem
590 2416 680 2480 illum
702 2416 768 2481 alia
783 2416 823 2480 de
844 2416 928 2479 rein
945 2416 995 2478 ius
1011 2415 1148 2478 uocauit.

55 2524 128 2579 uter
150 2517 240 2602 prior
264 2518 466 2582 accusauerit
487 2539 551 2582 non
575 2528 709 2600 constat,
735 2519 792 2583 sed
815 2519 980 2603 utriusque
1002 2538 1150 2580 caussam

59 2620 236 2704 separatim
251 2613 356 2685 aetam
379 2642 450 2685 esse
471 2618 541 2684 luce
557 2621 674 2686 clarius
696 2622 772 2687 inde
786 2630 931 2709 apparet,
952 2619 1038 2706 quod
1061 2629 1152 2684 actor

58 2721 217 2807 Spudiam
240 2734 357 2804 monet,
379 2724 420 2789 ne
441 2745 526 2810 quae
547 2723 617 2810 ipse
640 2724 788 2812 postulet,
816 2725 850 2788 in
872 2722 1057 2788 defensione
1078 2744 1150 2810 pro·

55 2824 159 2889 ferat:
181 2848 259 2891 nam
281 2827 321 2892 de
342 2828 413 2891 istis
434 2827 532 2892 rebus
554 2825 617 2892 alio
640 2827 782 2892 futrnum
803 2849 873 2893 esse
895 2826 946 2890 die
968 2833 1004 2890 ut
1025 2821 1149 2910 agatur.

142 2927 204 2993 ΙΙΙ.
226 2928 342 3018 [Dem]
374 2927 583 2996 XXXXVII.
606 2930 659 2999 45.
703 2924 935 3004 καταπλεύσας
966 2932 1092 3014 τοίνυν
1106 2925 1150 3005 εἰς

56 3027 167 3098 ούδενί
198 3027 319 3111 ἤθελεν
349 3041 535 3120 ἐπιτρέπειν
565 3030 586 3098 o‘
610 3025 784 3119 Θεόφημος
815 3034 888 3116 περὶ
920 3031 986 3097 τῶν
1003 3026 1151 3117 ’πληγῶν

55 3129 105 3202 ὦν
136 3129 210 3200 τότ’
245 3136 367 3220 ἔλαβον
395 3133 454 3203 εἶπ’
494 3130 616 3215 αὐτοῦ,
646 3129 937 3219 προσεκαλεσάμην
967 3125 1071 3201 αίτδν
1094 3134 1151 3201 καί

56 3240 179 3324 ἔλαχον
196 3233 287 3322 αύτῳ
273 3238 405 3316 δίκην
420 3241 546 3314 αἰκίας·
569 3234 958 3321 ἀντιπροσκαλεσαμένου
978 3233 1009 3300 δ’
1028 3238 1152 3301 ἐκείνου

56 3342 115 3404 καὶ
138 3340 429 3420 διαιτητῶνέ
435 3333 602 3428 χύντιον
623 3333 700 3414 τοίς
730 3340 872 3421 δίκας,
893 3332 1040 3416 ἐπειδὴ
1024 3360 1045 3414 η
1068 3331 1150 3400 ἀπό

55 3464 161 3530 φασις
191 3429 233 3521 ἦν
262 3467 320 3528 της
352 3442 510 3525 δίκης,““
490 3468 507 3509 ο
540 3445 601 3525 μὲν
633 3438 806 3532 Θεόφημος
836 3435 1066 3525 παρεγράφετο
1096 3442 1151 3501 καὶ

55 3539 249 3629 ύποίμνυτο,
272 3539 343 3630 ἐγὼ
357 3546 391 3610 δέ
413 3539 576 3612 πιστεύων
598 3543 732 3631 ἐμαυτῷ
759 3542 861 3627 μηδὲν
827 3538 1007 3606 ἐαδικεῖν
1035 3533 1152 3631 εἰσῄειν

130 3771 233 3838 1)§3.
270 3769 354 3826 αὐτὸς
377 3774 430 3839 μὲν
456 3770 566 3824 τούτοις
592 3765 669 3823 δίκας
691 3767 762 3836 ὑπὲρ
787 3757 830 3818 ὧν
853 3762 1004 3817 ἐνεκάλουν
1026 3759 1153 3820 δεδοικώς

56 3853 133 3920 πλὴν
153 3857 183 3908 εἴ
197 3877 262 3909 τινα
280 3863 333 3910 νῦν
354 3860 456 3916 ἕνεκα
483 3861 539 3920 τῆς
558 3852 656 3946 διίιηρ
672 3851 800 3917 ταύτης
816 3850 1068 3915 ’4ΝΤειλιίχαοί
1089 3869 1151 3919 μοι

57 3949 307 4013 ουκοφαντοῦντει.

128 4029 158 4099 2)
176 4031 193 4098 θ
210 4031 244 4085 55
262 4030 298 4086 cf.
317 4027 437 4083 Pletner.
456 4028 477 4082 1.
496 4029 554 4083 173.

131 4117 161 4186 3)
180 4114 200 4188 ξ
222 4117 260 4173 17.
296 4118 362 4171 ούτε
379 4122 431 4169 νῦν
444 4121 509 4187 περὶ
526 4119 644 4167 ἐκείνων
658 4112 732 4185 [περὶ
745 4101 786 4163 ὧν
800 4108 969 4184 ἀπεδιῄτησέ
979 4131 1033 4179 μου
1052 4111 1067 4162 δ
1086 4107 1157 4162 διαι-

62 4199 156 4273 τητὴς]
176 4204 266 4268 εἴληχέ
275 4225 326 4273 μοι
339 4201 419 4268 δίκην
433 4199 567 4270 οὐδεμίαν
580 4200 648 4252 ἀλλὰ
665 4204 733 4270 περὶ
746 4197 837 4251 ἄλλων
848 4203 938 4250 τινῶν
952 4197 1066 4250 λύσειν
1083 4203 1157 4252 τοῖς

60 4287 257 4362 ίγιιλίιμαοι
274 4289 413 4346 τούτοις
430 4288 491 4355 τήν
508 4285 610 4352 δίκην
627 4287 760 4350 ταύτην
785 4285 952 4354 οἰόμενος
968 4283 1138 4338 affinem.

917 4371 962 4426 κῃ
