2700 4658
500 273 713 349 -63-2-

63 441 123 528 τάς
146 449 334 536 συνθήκας,
359 453 538 524 XXXVII.
555 457 596 521 10
617 449 700 541 πρὸς
723 459 846 521 ἐκεῖνον
867 454 971 520 πάλιν
985 454 1159 539 μίσθωσιν

59 548 208 642 γράφειν.
243 558 282 622 cl.
312 555 545 642 [XXXXIII.]
578 557 596 621 7
636 552 812 634 συνθήκας
851 547 1044 645 γράψαντες
1073 551 1157 642 πρὸς

61 647 241 740 ἀλλήλους,
275 659 551 745 [XXXXVIIH]
581 661 602 725 9
641 655 816 739 συνθήκας
852 651 1046 745 ἐγράψαμεν
1074 651 1158 742 πρὸς

60 754 303 841 ήμᾶςαιίτούς
333 797 377 824 =
404 770 433 848 ξ.
465 766 521 843 11,
554 764 595 828 10
628 756 823 852 ἐγράψαμεν
852 754 1035 841 συνθήκας,
1058 761 1157 826 Isoer.

61 859 216 928 V111..16
238 865 393 952 χρῆσθαι
418 873 493 943 ταῖς
514 860 704 943 συνθήκαις
725 859 779 940 αίς
800 863 862 930 νῦν
884 885 970 938 τινες
991 859 1156 951 γεγράφα-

62 983 129 1048 σιν,
154 964 237 1034 Isae.
267 968 323 1034 Vl.
347 970 389 1035 27
420 964 557 1057 γράψας
584 961 764 1046 διαθήκην.
814 966 981 1054 passiuum
1011 967 1158 1052 denique,
1253 963 1255 967 ’

62 1068 146 1152 quod
168 1068 212 1134 ad
234 1074 457 1157 quaestionem
478 1071 564 1136 hane
584 1070 772 1137 soluendam
786 1071 865 1136 nihil
880 1069 977 1153 ualet,
999 1071 1156 1156 seriptum

62 1170 150 1236 uides
174 1171 369 1261 [XXXIII]
387 1176 436 1255 14,
451 1176 502 1255 30,
517 1174 647 1239 XXIII.
666 1175 737 1257 169,
756 1174 852 1240 Isoer.
869 1173 960 1240 VIII.
976 1174 1027 1240 26.
1053 1171 1155 1259 quid?

62 1296 137 1338 num
167 1277 319 1343 credibile
348 1288 397 1343 est
418 1278 670 1344 Demosthenem
704 1299 863 1342 summum
890 1277 980 1342 illum
1002 1275 1156 1342 orationis

64 1378 154 1464 quasi
176 1381 333 1448 artificem
354 1382 528 1448 fluctuasse
549 1385 633 1448 inter
655 1403 758 1466 genus
779 1382 922 1446 actiuum
944 1389 976 1445 et
990 1377 1155 1444 medium?

63 1489 202 1547 aeterum
232 1486 324 1566 item,
353 1494 390 1550 ut
422 1470 599 1564 συνθήκας
624 1480 837 1575 γράφεσθαι,
865 1485 985 1550 dietum
1009 1492 1057 1549 est
1079 1503 1154 1567 συγ-

63 1579 194 1675 γραφὴν
231 1580 431 1674 γράφεσθαι
441 1584 485 1676 1)’;
521 1589 639 1675 [LVI]
677 1589 696 1654 6
730 1580 927 1678 συγγραφὴν
961 1581 1156 1674 ἐγράψαντο

63 1683 142 1769 ὑπὲρ
163 1681 301 1772 τούτων,
330 1692 373 1757 20
394 1693 422 1757 dn
443 1693 485 1758 49
508 1686 710 1783 συγγραφήν
732 1683 958 1780 γραψάμενος,
982 1689 1069 1776 quod
1090 1710 1155 1753 me-

65 1790 150 1854 dinm
180 1784 379 1880 γράφεσθαι
407 1795 495 1861 haud
518 1796 584 1862 seio
615 1818 657 1861 an
687 1794 730 1860 ad
759 1791 1057 1878 analogiamnerbi
1079 1813 1154 1877 συγ-

65 1885 258 1982 γράφεσθαι
280 1897 470 1986 ([XXXV.]
490 1903 518 1983 1,
534 1898 622 1985 [LI]
643 1901 692 1983 11,
707 1900 758 1980 28,
772 1899 825 1981 32,
838 1896 894 1982 46)
911 1895 1156 1982 ascriptoribus

64 1995 214 2062 XXXIII
236 2003 391 2067 orationis
412 2013 445 2069 et
466 2002 544 2068 LVI
567 2002 801 2069 conformatum
824 2001 873 2066 sit

146 2104 176 2182 ξ.
198 2103 249 2167 31.
295 2100 477 2194 άτιόρρησις
508 2105 595 2192 apud
617 2105 869 2171 Demosthenem
892 2103 954 2169 alio
975 2101 1045 2168 loeo
1068 2100 1156 2167 nullo

66 2213 118 2270 esa
149 2227 344 2294 quamquam
353 2207 547 2274 uocabulum
562 2210 646 2274 istuc
657 2210 920 2276 noninusitalum
932 2215 1010 2288 erat,
1022 2204 1061 2272 ef.
1073 2204 1155 2270 Plat.

66 2308 151 2396 soph.
163 2331 238 2395 pag.
260 2311 324 2377 258
339 2310 366 2376 O
381 2318 590 2397 μακροτέρας
605 2313 663 2392 τῆς
685 2307 896 2401 άπορρήσεως
917 2304 1157 2393 ήσεστήκαμεν.

69 2411 128 2478 alio
150 2434 228 2478 uero
252 2435 349 2479 sensu
372 2409 556 2502 άιιόῤῥησις
578 2426 767 2506 usurpatum
790 2425 840 2480 est
863 2414 904 2480 ab
926 2414 1020 2478 Isaeo
1042 2412 1085 2475 II.
1115 2412 1156 2476 29

67 2508 171 2600 τούτῳ
194 2517 229 2582 dl
266 2510 422 2603 λαγχάνει
453 2518 548 2596 δίκην
579 2519 639 2597 τῆς
670 2513 879 2607 άιτορρήοεως
906 2513 1156 2603 (abdicationis).

147 2624 178 2701 ξ.
201 2621 251 2688 32.
295 2615 488 2706 ἀπελογεῖτο
510 2617 589 2706 ὑμῖν
604 2623 661 2689 καὶ
674 2619 847 2710 μάρτυρας
862 2621 1044 2705 παρείχετο.
1074 2612 1157 2682 αἰπο-

66 2720 240 2806 λογεῖσθαι
264 2745 338 2788 eum
361 2722 471 2789 datiuo
487 2726 692 2791 coniunctum
707 2734 765 2807 est,
788 2733 824 2788 ut
838 2748 858 2790 a
873 2723 1009 2788 Platone
1023 2722 1155 2805 Protag.

66 2825 126 2890 359
147 2824 179 2890 A
202 2820 440 2912 ἀπολογείσθω
463 2824 543 2912 ἡμῖν
568 2820 807 2917 Πρωταγόρας.
851 2826 913 2893 hoe
934 2848 1012 2892 num
1034 2848 1075 2890 ex
1090 2824 1172 2889 De·-

66 2927 240 2994 mosthenis
262 2930 496 2996 consuetudine
520 2931 640 2996 fantum
664 2932 714 3012 sit,
735 2953 819 3018 quae
838 2941 887 2996 est
900 2931 1037 3020 penuria
1051 2951 1157 2994 exem·

65 3031 191 3119 plorum
213 3032 373 3115 similium,
397 3033 555 3099 diudieari
571 3057 636 3100 non
651 3044 773 3121 potest:
795 3043 921 3100 tantum
938 3035 1009 3100 dieo
1024 3053 1158 3122 prorsus

64 3135 160 3200 simili
180 3136 251 3201 loeo
275 3136 392 3220 (LVII.
417 3137 472 3223 12)
500 3135 748 3223 ἀπολογεῖσθαι
771 3141 811 3204 lv
833 3159 901 3204 τισι
924 3138 1045 3203 dietum
1069 3158 1156 3202 esse:

65 3238 168 3304 uerba
195 3249 302 3304 autem
334 3251 409 3305 sunt
438 3240 536 3307 haee:
575 3234 864 3326 ἀπολογήσασθαι
892 3247 927 3307 ἐν
954 3235 1063 3306 ἅπασι
1090 3248 1160 3313 τοῖς

66 3334 229 3426 δημόταις
252 3343 307 3407 καὶ
332 3337 410 3419 τούς
432 3344 570 3420 οίκείους
592 3336 765 3432 μάρτυρας
787 3346 1037 3430 παρασχέσθαι.

149 3448 179 3527 ξ.
202 3446 252 3512 32.
297 3446 399 3514 τοῦτο
409 3449 471 3532 μὲν
486 3441 558 3512 ὅτι.
572 3502 579 3515 .
593 3497 618 3512 ..
634 3443 699 3514 εἶθ’
721 3441 793 3512 ὅτε·
809 3446 910 3513 τοῦτο
924 3447 986 3531 μὲν
998 3483 1037 3493 -
1050 3442 1122 3510 εἶτα
1134 3447 1160 3530 2)

62 3603 273 3612 ...ι-*υμ-

137 3688 164 3757 1)
181 3703 232 3742 nec
254 3687 414 3760 συγγραφὴν
437 3688 557 3760 γράφειν
579 3702 633 3741 nee
655 3687 815 3759 συγγραφὴν
845 3683 1055 3760 συγγράφειν,
1086 3701 1173 3755 quae

65 3774 222 3842 Gneistius,
240 3773 286 3829 die
305 3773 452 3828 formellen
472 3774 608 3844 vertrage,
627 3788 696 3844 pag.
712 3773 774 3842 432,
797 3788 882 3845 saepe
901 3773 978 3846 apud
995 3772 1159 3827 Demosthe·

64 3876 130 3916 nem
148 3860 270 3915 inueniri
281 3861 331 3930 ait,
349 3875 403 3933 ego
414 3859 626 3932 deprehendere
638 3860 726 3930 potui.
761 3860 853 3916 uoluit
863 3861 923 3915 sine
940 3860 1026 3915 dubio
1037 3859 1159 3931 opfimns

65 3947 115 4002 ille
132 3947 177 4001 uir
195 3945 288 4002 dicere
307 3947 490 4018 συνθήκας
506 3947 626 4019 γράφειν
650 3951 679 4001 et
704 3944 865 4022 συγγραφήν
890 3946 1160 4021 συγγράφεσθαι

63 4033 225 4105 ([ΧΧΧῊ
245 4035 283 4105 1).

138 4123 167 4192 2)
185 4121 222 4176 cf.
241 4120 586 4192 Sophocl.Philoet.1345
604 4125 710 4174 τοῦτσ
727 4125 791 4188 μὲν
809 4125 835 4178 de
844 4126 937 4193 χεῖρας
955 4118 1061 4183 ἐλθεῖν,
1084 4119 1160 4173 εἶτα

66 4208 122 4274 τὴν
140 4205 317 4262 πολύπονον
338 4213 443 4280 Τροίαν
461 4205 573 4276 λαβεῖν,
598 4210 627 4260 el
644 4208 711 4261 Ant.
730 4207 763 4260 61
786 4205 848 4259 ἀλλ’
869 4211 992 4262 ίννσιεῖν
1008 4207 1059 4280 χρὴ
1077 4213 1162 4260 τοῦτο

64 4298 121 4364 μὲν
130 4297 239 4366 γυναῖχ’
253 4293 298 4348 ὅτι
319 4301 423 4367 ἔφυμεν
434 4332 460 4351 ..
471 4332 479 4348 .
492 4297 590 4348 ἔπειτα
600 4290 628 4346 d’
641 4293 736 4348 οὕνεκ’
754 4294 915 4365 ἀρχόμεσθ’
932 4298 962 4348 ἐκ
980 4293 1161 4368 κρεισσόνων.
