2700 4658
642 213 853 277 -16,

200 384 428 475 paragraphen
444 384 596 468 defendit,
620 384 719 450 uerbo
740 383 1008 468 προσκαλεῖσθαι
1029 402 1165 448 usurum
1187 383 1294 467 fuisse,

203 490 231 554 si
252 491 475 577 exceptionem
493 489 675 573 significare
696 487 859 553 uoluisset.
903 485 1040 571 denique
1055 487 1097 550 ad
1120 496 1296 551 extremum

202 593 245 658 ad
266 592 494 681 paragraphen
516 593 646 656 omnino
668 614 733 657 non
762 588 924 676 qu'adrant
951 586 1053 652 uerba
1082 588 1296 667 ἐνεστηκυιῶν

203 693 318 770 αὐτοῖς
333 694 399 760 τῶν
414 694 514 760 δικῶν
529 694 610 779 (14)=
635 717 711 759 nam
730 704 956 780 praeterquam
972 695 1058 777 quod
1073 695 1158 756 actio
1173 693 1296 756 intenta

202 796 407 885 paragraphe
430 797 582 876 differtur,
603 806 639 861 ut
660 795 794 884 pluralis
808 817 960 860 numerus
981 797 1088 859 minus
1108 804 1205 881 aptus
1228 814 1296 858 esse

202 901 361 980 uideatur,
381 921 445 985 quo
468 899 537 963 iure
558 899 763 987 paragraphe
791 899 866 977 δίκη
887 899 999 964 uocari
1023 899 1126 984 possit
1148 896 1296 985 equidem

202 1026 267 1069 non
297 1024 462 1090 assequor.
521 1024 653 1068 necesse
682 1011 732 1067 est
760 1003 858 1086 igitur
887 1000 1032 1066 Hefftero
1065 1023 1141 1087 pag.
1171 1003 1236 1068 431
1267 1009 1297 1065 et

203 1104 378 1171 Sohaefero
394 1107 617 1187 assentiamur,
638 1105 693 1190 qui
707 1127 760 1170 uu.
777 1103 829 1169 dd.
845 1102 1060 1190 antigraphen
1079 1101 1121 1169 ab
1136 1105 1296 1190 Apaturio

201 1210 358 1274 intentam
380 1229 451 1273 esse
474 1208 535 1272 sibi
557 1216 794 1296 persuaserunt.

287 1322 323 1378 at
352 1313 437 1376 enim
467 1302 508 1396 de
535 1311 743 1397 antigraphes
771 1321 804 1376 et
824 1311 954 1408 nomine
977 1318 1009 1376 et
1034 1313 1068 1376 ui
1089 1311 1298 1377 uehementer

201 1418 285 1482 inter
315 1437 350 1480 se
380 1413 574 1478 dissentiunt
601 1415 664 1479 uiri
700 1414 794 1480 docti.
851 1414 957 1480 Julius
985 1417 1104 1481 Pollux
1132 1415 1227 1484 VIII.
1256 1415 1297 1482 58

203 1515 397 1606 ἀντιγραφή
417 1518 521 1610 inquit
543 1511 625 1585 ὅταν
647 1533 698 1593 τις
720 1510 909 1604 κρινόμενος
939 1515 1198 1604 ἀντικατηγορῇ.
1243 1519 1298 1584 καὶ

204 1619 226 1696 t
247 1611 455 1707 παραγραφὴ
478 1619 512 1684 δὲ
534 1616 725 1710 ἀντιγραφῇ
748 1626 866 1685 ἔοικεν·
893 1616 958 1687 διὸ
976 1625 1052 1687 ael
1074 1627 1296 1708 προεισέρ-

201 1747 333 1810 χεται.
378 1722 542 1787 Arnoldus
565 1722 720 1787 Schaefer
741 1724 855 1807 igitur,
883 1725 938 1810 qui
961 1735 1070 1790 tamen
1091 1726 1156 1789 nisi
1180 1726 1299 1790 actioni

203 1828 242 1907 ei,
272 1848 355 1912 quae
377 1824 493 1889 eadem
514 1825 554 1890 de
575 1847 628 1907 re,
660 1827 700 1891 de
723 1849 788 1913 qua
810 1837 979 1893 accusator
999 1850 1090 1894 reum
1111 1828 1298 1914 postulauit,

203 1952 223 1993 a
244 1951 300 1994 reo
315 1937 430 1995 eontra
450 1929 575 1993 intenta
589 1939 646 2011 est,
667 1931 875 2017 antigraphes
890 1954 1007 1997 nomen
1029 1955 1095 1998 non
1115 1933 1256 2018 imponit
1264 1931 1298 2018 ¹),

203 2032 395 2118 antigraphe
415 2034 573 2098 actionem
594 2033 786 2097 instructam
808 2056 933 2122 semper
959 2034 1131 2101 inhibitam
1154 2057 1227 2100 esse
1250 2055 1297 2098 ar·

202 2134 390 2220 bitratur2).
434 2133 677 2199 Schoemannos
700 2137 851 2222 antemi),
884 2140 939 2224 qui
967 2139 1115 2225 quamuis
1138 2138 1298 2203 actionem

203 2247 317 2303 contra
337 2239 494 2317 intentam
526 2233 739 2327 ἀντιγραφήν
767 2247 800 2302 et
820 2242 931 2305 uocari
961 2253 992 2306 et
1014 2263 1085 2305 esse
1107 2262 1298 2327 persuasum

203 2341 317 2422 habet,
350 2339 541 2428 antigraphe
564 2341 723 2406 actionem
743 2343 933 2408 instructam
954 2343 1093 2409 inhiberi
1122 2353 1239 2429 negat,
1263 2343 1298 2407 si

203 2442 333 2530 quidem
355 2444 424 2508 eius
446 2442 548 2509 uerba
569 2453 657 2509 recte
678 2445 839 2531 intellego.
885 2455 961 2510 sunt
982 2456 1090 2511 autem
1111 2445 1212 2511 haec:
1239 2445 1298 2521 litt.

97 2631 99 2637 Ι
202 2549 299 2613 Attio.
321 2568 395 2635 pag.
419 2548 499 2614 6522
521 2547 587 2611 und
609 2569 704 2612 wenn
726 2548 809 2613 auch
832 2549 890 2612 der
916 2547 1070 2633 beklagte
1092 2549 1156 2615 den
1178 2568 1298 2634 gegan-

203 2650 297 2715 stand
320 2652 425 2716 seiner
438 2649 637 2735 widerklage
658 2652 693 2716 in
709 2650 766 2715 der
781 2651 911 2716 einrede
925 2673 1032 2737 gegen
1054 2653 1166 2717 seinen
1181 2651 1298 2735 hlttger

202 2753 379 2818 anbraohte
387 2754 455 2818 und
467 2754 535 2817 sich
547 2754 651 2818 seiner
658 2752 981 2839 gegenfordenmgen
992 2755 1059 2819 und
1066 2753 1298 2821 beschwerden

202 2856 255 2921 bei
278 2854 336 2921 der
358 2857 514 2921 anserisis
536 2855 604 2921 und
630 2876 690 2921 vor
718 2855 843 2940 gerioht
871 2880 913 2923 zu
944 2861 1048 2924 seiner
1069 2861 1298 2945 verteidigung

272 3082 298 3145 1)
316 3078 390 3132 hanc
409 3079 593 3151 antigrapheo
610 3076 753 3133 notionem
766 3078 950 3135 Sohaeferum
966 3082 1090 3136 tenuisse
1104 3098 1139 3136 ex
1158 3098 1192 3138 eo
1210 3083 1297 3154 plane

201 3162 392 3234 intellegitur,
419 3166 496 3236 quod
519 3182 573 3221 nec
596 3167 626 3221 in
650 3165 750 3220 Boeoti
774 3183 828 3222 nec
856 3169 887 3222 in
909 3167 1034 3239 Spudise
1066 3185 1168 3223 caussa
1198 3168 1296 3224 anti-

201 3250 360 3322 graphes
378 3253 549 3308 mentionem
566 3251 643 3306 facit.

271 3339 301 3410 2)
318 3341 356 3396 ef.
377 3339 444 3394 libri
469 3340 504 3393 de
526 3337 720 3395 Demosthene
742 3341 858 3414 eiusque
882 3347 977 3398 aetate
1000 3345 1055 3399 uol.
1074 3342 1142 3397 IIlB
1159 3359 1228 3415 pag.
1247 3343 1297 3398 196

202 3427 275 3482 med.
307 3426 352 3481 die
370 3424 549 3499 gegsnklage
567 3426 645 3481 hatte
668 3426 763 3497 gleich
787 3428 837 3482 der
855 3428 969 3484 einrede
997 3431 1043 3484 die
1060 3428 1205 3502 onlong,
1233 3429 1297 3484 eine

203 3511 307 3567 bereits
326 3512 504 3584 singeleitete
517 3511 602 3584 hlage
619 3530 655 3567 υυ
668 3514 862 3587 suspendiren‚
881 3533 912 3572 so
928 3517 959 3571 in
972 3534 1084 3573 unserm
1097 3516 1165 3571 falle
1178 3515 1295 3592 ([Dem.]

203 3600 268 3655 adu.
292 3597 420 3670 Euerg.):
443 3597 575 3670 obgleioh
600 3598 649 3653 der
674 3616 788 3672 process
812 3603 900 3658 sehon
926 3601 965 3657 im
987 3604 1082 3658 vollen
1109 3621 1205 3676 gange
1229 3620 1296 3672 war,

202 3693 309 3741 musste
328 3686 374 3739 die
390 3684 665 3757 von,Theophemos
683 3689 873 3760 engebrachte
890 3689 1068 3761 gegenklsge
1089 3707 1297 3762 angenommen

202 3775 261 3829 und
278 3790 366 3828 auvor
383 3772 563 3827 entschieden
580 3773 701 3828 werden.
851 3845 854 3848 ἢ

272 3861 300 3930 3)
319 3859 513 3916 Schoemanno
531 3862 684 3915 assentitur
696 3860 855 3928 Dercetius,
873 3862 922 3933 qui
934 3862 955 3917 1.
973 3878 1038 3933 pag.
1056 3863 1108 3918 353
1128 3863 1299 3922 haecdicit:

201 3949 237 4004 A.
255 3947 392 4004 Schaefer
410 3947 532 4003 soutient
550 3963 605 4018 que
622 3948 651 4001 la
669 3946 791 4002 secondo
809 3949 903 4002 action
922 3948 1017 4003 devait
1042 3964 1143 4020 passer
1163 3958 1251 4006 avant
1269 3952 1298 4006 la

202 4034 340 4108 premiere
358 4041 459 4106 etque
477 4033 505 4086 la
522 4032 661 4105 premiere
679 4049 709 4087 se
726 4035 851 4088 trouvsit
862 4034 965 4090 eteinte
982 4052 1036 4107 par
1053 4034 1081 4088 le
1094 4037 1244 4106 jugement
1262 4040 1298 4092 de

202 4122 232 4176 la
249 4122 370 4178 seconde
387 4121 537 4192 (Beilagen
553 4137 620 4192 pag.
634 4120 705 4190 196).
741 4121 813 4174 mais
831 4122 851 4176 il
869 4120 994 4177 confond
1010 4122 1029 4175 l'
1048 4121 1208 4196 ἀντιγραφή
1228 4142 1299 4182 avec

200 4209 230 4264 la
248 4207 428 4283 παραγραφή.
