2700 4658
648 197 860 258 ,14-

207 369 361 433 damnum
382 365 471 453 quod
485 365 615 430 fecerat
659 367 710 431 sin
725 374 834 430 autem
855 365 930 442 δίκη
951 365 1063 437 αἰκίας
1082 362 1213 425 intenta
1225 365 1296 439 crat,

206 471 342 536 multum
362 473 519 535 intererat
533 470 628 548 scire,
648 491 727 533 num
742 471 788 533 ita
802 469 992 534 uerberatus
1008 473 1096 530 esset
1109 463 1297 539 Parmenon‚

206 586 243 640 ut
264 576 430 661 negotium
451 572 654 658 propositum
675 574 839 658 suscipere
861 594 927 637 non
948 578 1065 656 posset
1109 569 1199 632 actio
1219 564 1297 628 enim

207 682 333 758 αἰκίας,
364 699 465 765 quae,
497 679 651 762 quoniam
671 677 834 762 peregrini
862 673 1033 759 litigabant
1054 694 1075 735 a
1095 666 1297 758 polemarcho

206 805 273 847 non
294 805 315 846 a
344 780 598 866 XXXXuiris1)
627 781 787 866 instructa
816 780 946 844 uidetur
971 779 1087 856 καθ’),
1118 781 1194 838 erat
1215 762 1298 857 dysis

207 885 346 969 r‘l‘mtls
360 884 400 947 lis
415 883 636 948 aestimatoria
648 888 682 962 ³).
725 884 909 949 Parmenon
923 882 1025 965 igitur
1044 900 1084 943 eo
1098 877 1205 966 pluris
1217 876 1298 941 litem

207 989 380 1053 aestimare
415 995 557 1074 poterat,
598 1008 662 1072 quo
695 986 769 1073 plus
805 986 916 1051 damni
946 980 1137 1048 uerberibus
1171 980 1298 1046 affectus

207 1091 330 1156 fecerat
339 1093 376 1176 ⁴).
416 1112 500 1179 quae
514 1112 588 1154 cum
601 1092 650 1155 ite
663 1093 737 1167 sint,
752 1093 912 1156 actionem
927 1089 1037 1164 αἰκίας
1052 1108 1073 1150 a
1086 1084 1299 1151 Parmenonte

207 1196 365 1259 intentam
386 1217 458 1259 ease
479 1195 550 1259 ueri
572 1195 707 1260 similius
728 1195 808 1258 milri
829 1195 965 1259 uidetur.

294 1299 421 1363 actione
436 1309 544 1364 autem
559 1301 717 1363 instructa
731 1299 915 1365 Parmenon
929 1297 1091 1383 Apaturio
1110 1289 1299 1380 quibusdan

209 1402 250 1466 de
278 1400 375 1468 rebus
403 1404 632 1488 prouocatione
669 1397 874 1489 (apostr'oss)
909 1403 959 1465 ius
988 1397 1162 1463 iurandum
1195 1392 1299 1459 defert

209 1505 327 1591 accipit
353 1506 548 1590 Apaturius,
579 1507 650 1570 sine
678 1506 777 1571 dubio
808 1516 845 1570 ut
871 1525 1020 1568 caussam
1049 1501 1204 1564 differret
1246 1515 1299 1561 not

207 1617 318 1673 tamen
340 1608 454 1672 eodem
476 1607 529 1673 die
550 1610 652 1691 iurat,
683 1609 743 1675 sed
768 1610 908 1698 pecunia
929 1606 1077 1692 deposita
1110 1602 1175 1667 alio
1199 1622 1236 1666 se
1254 1597 1300 1664 die

209 1712 390 1776 iuraturum
411 1712 590 1778 confirmat

295 1837 359 1881 non
381 1815 503 1881 inutilis
524 1815 579 1880 hic
600 1817 678 1880 milri
706 1816 836 1882 uidetur
864 1815 1024 1902 quaestio,
1055 1834 1133 1876 num
1157 1808 1300 1875 omnibus

208 1918 243 1982 in
265 1919 390 1984 caussis
403 1920 456 1983 ius
478 1919 650 1983 iurandum
666 1918 811 1986 oblatum
833 1918 897 1984 alio
913 1918 966 1982 die
986 1919 1128 1982 iuratum
1151 1915 1202 1980 sit
1232 1929 1301 1976 nam

209 2023 393 2087 cautionem
418 2021 505 2108 quod
529 2022 707 2108 Apaturius
728 2023 871 2112 praebet,
895 2021 972 2087 inde
994 2016 1150 2104 consequi
1170 2015 1302 2090 uidetur,

210 2133 247 2188 ut
268 2124 437 2190 confestim
458 2128 509 2189 ius
532 2127 705 2191 iurandum
728 2125 871 2191 oblatum
891 2125 992 2190 iurari
1014 2121 1144 2188 solitum
1167 2120 1219 2184 sit
1251 2113 1303 2183 md
1344 2128 1346 2179 l

208 2227 287 2291 huic
307 2229 435 2307 rationi,
456 2250 540 2314 quae
563 2231 718 2315 exemplis
742 2268 784 2277 —
807 2230 848 2294 cf.
871 2229 966 2294 Dem.
988 2222 1204 2290 XXXVIIIL
1227 2220 1303 2303 3,4·

209 2330 326 2412 [Dem.]
349 2328 497 2396 XXXX
520 2332 570 2413 10,
587 2335 636 2413 11,
657 2331 798 2398 LVIlII.
821 2332 864 2397 60
885 2371 928 2380 -
949 2352 1011 2396 nec
1031 2327 1228 2415 conprobari
1247 2344 1303 2391 nee

208 2432 377 2521 inprobari
401 2443 518 2521 potest,
550 2435 635 2500 duae
655 2459 708 2501 res
730 2434 859 2501 obstare
880 2435 961 2500 mihi
983 2432 1144 2513 uidentur,
1167 2431 1303 2518 primum

211 2536 368 2602 sanctitas
389 2537 469 2602 iuris
490 2538 635 2619 iurandi,
664 2561 748 2625 quae
769 2539 970 2625 postulabat,
997 2546 1034 2602 ut
1061 2538 1090 2600 is
1119 2535 1178 2621 qui
1198 2534 1304 2598 iurare

209 2639 373 2705 iuberetur
394 2639 516 2705 diutius
539 2663 649 2709 secum
663 2651 837 2729 reputaret,
858 2640 989 2706 nullane
1009 2639 1178 2724 relligione
1199 2637 1303 2702 iurare

208 2741 444 2828 prohiberetur,
454 2755 523 2808 tum
538 2746 712 2811 similitudo
728 2745 861 2811 alterius
875 2743 1126 2832 prouocationis,
1139 2763 1207 2828 qua
1222 2744 1304 2805 serui

210 2845 254 2911 ad
268 2847 446 2912 cruciatum
459 2848 685 2932 poscebantur,
700 2870 781 2935 quos
797 2848 928 2935 quidem
942 2872 1008 2916 non
1023 2849 1133 2914 statim
1147 2845 1304 2910 adductos

210 2972 284 3015 esse
316 2959 350 3014 et
380 2972 439 3035 per
472 2974 507 3016 se
538 2960 629 3038 patet
661 2961 694 3016 et
724 2953 896 3040 perspicue
927 2976 969 3018 ex
1005 2948 1232 3017 Demosthenis
1262 2967 1304 3012 or.

212 3052 391 3120 XXXVII.
413 3055 457 3117 40
477 3076 593 3139 pron.
624 3055 735 3121 elucet
778 3057 888 3141 itaque
910 3055 998 3141 quod
1020 3055 1200 3141 Apaturius
1232 3072 1304 3116 cau·

208 3159 329 3222 tionem
350 3155 511 3242 praebuit,
533 3156 595 3222 hoc
617 3158 664 3224 sic
686 3158 915 3245 explicandum
937 3158 1081 3232 uidetur,
1104 3167 1141 3223 ut
1161 3155 1304 3220 dicamus

210 3282 276 3325 non
290 3258 410 3324 idcirco
433 3283 508 3325 eum
529 3263 711 3329 cautionem
727 3262 864 3343 dedisse,
886 3261 963 3348 quia
985 3260 1048 3326 alio
1068 3261 1120 3326 die
1142 3261 1305 3325 iuraturus

212 3372 290 3443 erat,
321 3363 379 3427 sed
400 3385 439 3429 eo
461 3363 606 3448 consilio,
634 3375 672 3430 ut
702 3388 827 3431 summa
848 3387 922 3430 cum
951 3365 1185 3451 tranquillitate
1208 3360 1305 3428 animi

284 3667 313 3738 1)
330 3666 366 3721 cf.
384 3665 461 3720 Dem.
480 3666 632 3724 XXXVII.
650 3671 692 3726 33.
1074 3740 1078 3745 ,

281 3753 310 3823 2)
328 3752 363 3808 cf.
373 3752 437 3806 Mei.
446 3753 471 3806 8ι
481 3752 610 3810 Schoem.
619 3757 672 3810 litt
681 3761 738 3810 Att.
747 3773 814 3828 pag.
823 3759 867 3825 54,
876 3759 1021 3815 Platnerl
1032 3758 1166 3828 cllpag.
1178 3759 1238 3813 loa.
1248 3755 1306 3810 104.

282 3840 311 3910 3)
328 3839 365 3894 cf.
383 3839 576 3898 Boeckhioec
590 3843 734 3898 ciuilAth.
749 3845 770 3899 1.
783 3862 850 3917 pag.
860 3847 921 3912 489,
933 3846 1029 3900 Meier.
1037 3845 1091 3900 litt.
1097 3847 1155 3899 Att
1167 3860 1236 3916 pag.
1249 3843 1306 3898 18u

281 3927 311 3995 4)
328 3925 363 3980 cf.
383 3926 479 3980 Meier.
497 3927 552 3982 litt
571 3928 659 3985 Attio.
679 3947 746 4002 pag.
766 3933 826 3987 180.
848 3933 923 3988 adde
941 3951 1014 4006 quae
1032 3933 1134 3989 Conon
1157 3933 1187 3987 in
1205 3932 1306 3985 Demo·

213 4013 320 4068 athenis
339 4014 468 4070 oratione
480 4013 570 4081 LllII,
589 4031 663 4085 quae
682 4018 796 4087 quidem
815 4020 845 4073 in
857 4021 967 4075 actione
985 4020 1150 4076 iniuriarum
1168 4021 1306 4080 uersatur,

211 4101 297 4172 plane
316 4102 398 4155 dicit:
424 4116 454 4154 se
472 4109 587 4172 propter
609 4103 727 4159 uolnera
748 4105 778 4159 in
796 4107 924 4163 morbum
947 4109 1080 4164 incidisse
1103 4107 1163 4180 (ll)
1180 4112 1212 4161 et
1228 4120 1260 4161 se
1277 4100 1308 4158 ον’

210 4192 325 4259 μετρίας
341 4188 420 4244 τινας
438 4192 486 4240 καὶ
504 4186 610 4260 φαύλας
629 4188 736 4263 πληγὰς
752 4190 853 4262 λαβεῖν
871 4195 937 4270 (13),
