2700 4658
573 251 870 352 --3ο--Ι

129 442 197 486 non
236 419 338 486 solum
377 421 511 486 attentio
542 417 706 508 (πρόσεξις
736 423 805 489 siue
831 417 992 510 προσοχή)
1022 433 1055 490 et
1080 427 1227 493 docilitas

130 518 326 607 (εὐμάθεια)
342 546 452 589 eorum
464 526 520 612 qui
534 523 671 589 audiant
680 534 858 608 moueatur,
874 525 931 591 sed
943 528 1040 592 etiam
1052 531 1226 596 eorundem

131 627 351 692 beniuolentia
381 619 520 714 (εὔνοια)
549 637 752 714 conparetur,
776 629 822 694 sic
845 637 970 711 orator,
1000 641 1036 695 ut
1056 631 1225 699 beniuolas

129 729 193 795 sibi
215 728 365 796 redderet
391 729 533 795 iudicum
555 732 662 812 auris,
693 732 774 797 duas
796 732 872 797 huic
894 733 1027 799 exordio
1051 739 1225 803 sententias

128 833 275 899 addidit:
296 834 435 922 primum
457 834 542 898 enim
556 835 674 900 multos
688 836 754 898 iam
770 844 845 900 ante
860 857 894 899 se
909 836 1031 901 eisdem
1046 838 1086 904 de
1101 842 1225 905 caussis
1302 844 1303 847 ’

127 937 297 1023 excepisse
318 945 434 1016 monet,
455 944 525 1001 tum
540 958 574 1001 se
590 936 883 1005 demonstraturum
897 941 1055 1026 promittit
1064 940 1225 1007 hominem

128 1040 293 1128 quendam
325 1040 656 1105 maliuolentissimum
675 1042 791 1106 “totius
828 1040 895 1106 litis
924 1051 1088 1109 auctorem
1116 1045 1224 1115 fuisse.

128 1165 333 1231 quamquam
338 1143 445 1222 δέησις
455 1144 630 1210 insinuatio
641 1142 698 1208 illa
710 1143 745 1229 1),
761 1166 858 1230 quam
869 1144 1092 1233 plerarumque
1103 1148 1222 1217 Demo-

128 1246 253 1311 sthenis
286 1245 467 1312 orationum
498 1247 700 1333 priuatarum
728 1245 862 1312 exordia
890 1249 1070 1330 continent,
1098 1249 1161 1317 hoc
1188 1253 1223 1317 in

125 1350 294 1436 prooemio
335 1358 370 1412 ut
407 1349 441 1413 in
473 1350 586 1435 paucis
622 1349 694 1414 aliis
733 1350 934 1416 orationibus
964 1350 1223 1420 Demosthenicis
1265 1333 1268 1341 ¹

127 1451 339 1518 desideratur.

488 1590 597 1640 nuans
615 1592 865 1657 nnorrsnrvar).

125 1695 160 1748 Π,
180 1697 375 1748 urucam
390 1692 451 1747 siue
468 1697 685 1747 HPOBAHMA
704 1696 935 1767 (raorosrrro).

214 1806 329 1863 contra
357 1797 416 1862 has
446 1795 535 1881 leges
565 1795 761 1882 Apaturium
792 1799 952 1863 actionem
979 1798 1156 1866 intendisse
1187 1826 1222 1868 se

210 1902 508 1975 ‚demonstraturum
531 1909 639 1964 orator
660 1902 819 1984 promittit
842 1901 876 1988 (4
885 1901 926 1986 a).

135 2005 225 2092 IIII)
249 2024 435 2076 ΔῙΗΓΗΣΙΣ
451 2020 654 2090 (nauatam),
679 2025 762 2087 quae
785 2026 826 2070 ex
852 2014 1017 2070 oratorum
1036 2005 1221 2071 Atticorum

200 2263 228 2331 l)
247 2262 337 2316 uerba
355 2261 418 2316 dieo
435 2260 507 2315 haec
523 2259 646 2315 XXVII.
664 2262 690 2316 3.
715 2257 816 2331 δέομαι
834 2258 860 2313 δ’
884 2261 966 2329 ὑμῶν
982 2259 1046 2330 μετ’
1067 2260 1175 2316 εὐνοίας
1195 2267 1227 2313 τέ

127 2369 183 2419 μου
195 2350 315 2402 claudum
327 2348 381 2400 κᾶν
397 2345 553 2416 ἠδικῆσθαι
565 2344 651 2414 δοκῶ,
668 2348 816 2416 βοηθῆσαί
828 2367 878 2412 μοι
888 2345 925 2401 τοὶ
939 2345 1036 2400 δίκαια
1053 2347 1100 2402 uel
1112 2346 1224 2417 similia,

116 2436 228 2507 -qualia
243 2434 389 2490 continent
399 2433 543 2504 prooemia
554 2434 713 2489 orationum
725 2435 806 2488 Dem.
818 2435 964 2490 XXXVII.
977 2436 1004 2504 3,
1023 2433 1183 2488 XXXVIII.
1196 2435 1222 2503 2,

128 2522 213 2576 LIlII.
225 2523 251 2589 2,
271 2521 332 2576 LV.
344 2524 370 2586 λ,
387 2519 471 2574 LVII.
485 2522 508 2585 1,
528 2525 557 2573 et
568 2520 669 2590 [Dem.]
682 2520 832 2576 XXXIIII.
846 2525 871 2590 1,
883 2521 1002 2575 XXXV.
1015 2524 1040 2583 5,
1059 2519 1181 2575 XXXX.
1195 2523 1221 2589 4,

128 2608 280 2664 XXXXII.
299 2608 325 2677 4,
344 2607 505 2662 XXXXIII.
518 2608 543 2672 2,
560 2605 739 2660 XXXXIIII.
752 2607 776 2672 3,
794 2607 944 2663 XXXXV.
964 2610 987 2671 1,
1006 2607 1183 2661 XXXXVII.
1196 2609 1221 2673 3,

128 2693 321 2750 XXXXVIII.
342 2699 367 2765 3,
386 2694 420 2748 L.
439 2695 456 2749 2
474 2694 498 2747 dr
517 2696 543 2763 3,
562 2693 631 2747 LVI.
649 2695 674 2758 4,
694 2693 789 2749 LVIII.
809 2695 834 2749 3.
868 2696 960 2749 rarius
979 2695 1049 2749 haec
1067 2694 1221 2750 insinuatio

129 2784 167 2837 ad
186 2772 380 2837 adtentionem
398 2780 578 2835 efficiundam
596 2785 732 2849 usurpata
750 2785 805 2835 est:
825 2781 927 2852 [Dem.]
939 2774 1061 2834 XXXII.
1080 2781 1097 2833 3
1123 2777 1223 2850 δέομαι

129 2866 159 2922 d*
177 2867 259 2937 ὗμιῡν
277 2870 415 2922 ἁπάντων
434 2870 512 2938 εἴπερ
526 2866 600 2934 ἄλλῳ
619 2871 677 2919 τινὶ
690 2864 809 2919 πώποτε
827 2867 879 2920 τὸν
896 2874 965 2920 νοῦν
978 2873 1153 2937 προσέσχετε,
1174 2875 1223 2920 καὶ

128 2950 222 3024 τούτῳ
236 2962 395 3029 προσσχεῖν,
411 2955 510 3010 alin.
541 2954 683 3008 addehuc
694 2952 776 3008 Dem.
789 2953 923 3008 XXXIII.
937 2955 961 3008 1.
992 2955 1069 3024 ὅμως
1087 2947 1222 3024 ὦᾶοὸρεο

130 3043 262 3097 δικασταὶ
280 3049 429 3116 προσέχετε
441 3045 492 3095 τὸν
504 3047 581 3097 νοῦν.
615 3057 731 3112 prorsus
749 3041 802 3094 ista
820 3040 1010 3094 insinuatione
1029 3044 1126 3096 carent
1140 3041 1221 3096 Dent.

129 3151 184 3186 orr.
211 3131 305 3185 XXX.
330 3129 467 3184 XXXVI.
491 3127 673 3194 XXXVIIII,
700 3133 729 3181 et
752 3126 849 3197 [Dem.]
876 3142 929 3182 orr.
959 3127 1053 3183 XXV.
1076 3127 1222 3183 XXVIIII.

128 3216 333 3272 XXXXVIIII.
351 3217 399 3272 LI.
417 3217 491 3270 LIII.
509 3214 623 3269 LVIIII.
644 3214 799 3269 orationum
817 3213 938 3285 denique
956 3213 1092 3270 XXVIII.
1113 3213 1223 3269 XXXI.

131 3303 259 3378 [XXVI]
279 3303 465 3374 [XXXXVI.]
489 3308 521 3356 ut
544 3301 798 3372 deuterologiarum
823 3300 895 3355 ratio
920 3299 1019 3354 haberi
1042 3315 1099 3354 non
1120 3305 1223 3370 potest.

129 3392 291 3448 orationum
308 3406 376 3443 uero
401 3388 575 3444 iudicialium
598 3387 777 3458 pubIIcarum
799 3387 919 3440 eandem
940 3385 1090 3440 formulam
1112 3386 1142 3439 in
1158 3403 1223 3457 pro·

129 3480 221 3537 oemio
240 3476 372 3531 exhibent
389 3475 494 3533 XVIII.
512 3479 536 3542 6,
555 3473 672 3529 XVIIII.
693 3475 717 3539 1,
735 3473 814 3526 XXI.
834 3474 858 3537 7,
876 3471 967 3531 XXII.
986 3473 1013 3540 4,
1031 3471 1135 3526 XXIII.
1153 3476 1177 3527 4.

199 3565 229 3636 2)
246 3563 301 3617 hoc
321 3580 355 3617 ex
372 3563 435 3618 Ioco
453 3561 673 3627 euidentissime,
703 3577 788 3631 quam
810 3560 903 3612 nudus
927 3558 964 3611 sit
989 3558 1123 3612 orationis
1141 3558 1223 3612 huius

131 3652 254 3713 habitus,
281 3649 456 3720 perspicitur.
492 3647 600 3703 nullam
622 3652 771 3718 praeterea
793 3645 822 3698 in
845 3660 964 3714 corpore
987 3645 1144 3700 orationum
1166 3645 1223 3698 De-

129 3736 367 3793 mosthenicarum
384 3735 452 3791 noui
469 3735 634 3803 orationem,
651 3733 680 3787 in
698 3748 755 3804 qua
772 3731 836 3803 pari
854 3731 939 3786 modo
956 3732 1050 3803 leges,
1068 3747 1102 3784 ex
1120 3730 1222 3800 quibus

130 3826 205 3880 actio
224 3823 332 3877 intenta
350 3825 396 3892 alt,
415 3822 508 3876 statim
530 3828 595 3893 post
612 3821 756 3875 exordIum
774 3824 978 3890 proponantur.

203 3911 233 3981 3)
251 3912 371 3981 scriptor
394 3908 529 3964 orationis
555 3909 617 3978 Ipse
642 3907 832 3960 narrationem
862 3911 890 3959 et
917 3904 1112 3977 probatIonam
1134 3903 1224 3958 artius

131 3999 286 4054 cohaerere
305 3996 397 4050 uoluit
414 4012 499 4067 quam
510 3994 705 4066 probationem
718 3997 747 4046 et
764 3992 972 4047 refutationem.
1008 3989 1039 4044 id
1052 3991 1129 4061 quod
1141 3991 1224 4045 facile

129 4083 310 4149 intellexeris,
332 4083 354 4136 si
367 4083 579 4153 paragraphum
592 4085 721 4152 quartam
737 4084 768 4133 ἐκ
781 4077 975 4146 caldariata
988 4076 1065 4131 τοῦτ’
1090 4075 1223 4140 ἐπιδείξω

130 4190 196 4227 curn
213 4169 394 4242 paragrapho
412 4169 512 4238 quinta
529 4174 558 4221 et
573 4165 715 4222 tricesima
737 4171 767 4219 ἐκ
786 4166 900 4221 πολλῶν
925 4165 1006 4234 οἶμαι
1029 4161 1225 4232 ἐπιδεδεῖχθαι

131 4265 217 4313 τοῦτο
235 4256 304 4324 ὑμῖν
322 4255 481 4310 contuleris.
517 4254 555 4312 cf.
572 4253 697 4308 Blassius
715 4270 781 4325 pag.
800 4254 859 4310 514.
877 4257 935 4310 not.
953 4252 971 4308 5
989 4257 1058 4306 extr.
