2700 4658
567 277 779 343 ...77-

125 438 226 526 οὗτος
248 451 316 526 ciffi
338 447 549 514 XXXVIIII.
564 451 616 533 29,
638 451 672 515 τί
693 441 817 514 τούτου
838 453 985 531 σημεῖονς
1007 446 1219 518 XXXVIIII.

125 555 177 635 35,
199 550 371 637 opiterine
393 551 512 632 δῆλον,
545 553 649 619 LVII.
673 555 723 633 61,
746 554 780 617 τί
802 561 908 628 ποιεῖς
936 551 1040 617 LVII.
1063 554 1093 633 8,
1116 554 1151 616 τί
1173 553 1218 617 ‹il-

125 680 224 723 καιον
245 657 383 741 νομίζοις
405 655 510 726 LVII.
534 659 584 739 17,
608 659 642 721 τί
664 657 712 721 δεῖ
731 658 835 740 λέγειν
857 655 962 724 LVII.
985 656 1037 724 33.

212 760 365 847 quoniam
394 760 436 824 de
465 761 498 824 ui
527 760 755 826 Demosthenis
783 759 959 846 loquimur,
993 758 1112 825 addere
1141 760 1221 825 mihi

124 863 222 926 lieeet
258 863 292 928 in
318 861 473 927 XXXIII
508 866 651 929 oratione
681 863 887 929 uehementer
917 861 1094 927 desiderari
1122 865 1220 928 etiam

124 965 229 1033 uerbo
254 965 327 1048 ilio,
361 967 478 1053 quibus
507 976 632 1048 orator,
663 989 746 1054 quse
768 967 863 1047 diost,
887 988 944 1031 suo
967 965 1097 1053 quidem
1118 965 1220 1053 ipsius

123 1068 254 1154 iudioio
280 1071 448 1134 uerissime
477 1093 547 1136 esse
580 1071 740 1154 declarat,
771 1080 806 1136 ut
833 1069 955 1134 iudioes
986 1068 1048 1134 sibi
1070 1069 1220 1134 assentiri

125 1164 231 1258 paene
246 1183 358 1258 cogat:
381 1174 490 1260 qualia
505 1175 634 1261 quidem
650 1185 741 1239 sunt:
764 1171 858 1257 οἶμαι
873 1174 1075 1239 interieotum
1090 1173 1221 1260 (παρέν-

124 1276 247 1361 θετον)
278 1275 437 1342 XXXVI.
472 1281 527 1358 12,
553 1279 613 1359 44,
641 1278 701 1359 54,
730 1276 907 1344 XXXVII.
937 1278 993 1355 24,
1023 1277 1075 1358 26,
1096 1278 1148 1357 47,
1169 1275 1222 1359 56,
1271 1344 1274 1350 ,

124 1377 236 1443 LIIII.
269 1381 326 1460 19,
354 1381 413 1462 38,
442 1380 546 1447 LVII.
569 1383 622 1457 46,
645 1383 697 1463 53,
727 1377 789 1446 οἶδ’
811 1381 864 1446 ὅτι
885 1379 1061 1447 XXXVII.
1083 1381 1112 1459 2,
1135 1382 1165 1463 8,
1187 1371 1224 1446 εὖ

124 1477 187 1544 οἶδ’
209 1477 262 1547 ὅτι
284 1482 444 1550 XXXVI.
465 1484 496 1567 3,
512 1487 553 1550 31
576 1484 636 1565 bis,
657 1483 763 1548 LIIII.
780 1485 808 1562 2,
831 1480 874 1558 ὡς
896 1477 957 1567 tyni
978 1483 1100 1567 νομίζω
1115 1482 1220 1550 LIIII.

123 1585 177 1665 34,
199 1581 275 1651 οὐδὲ
297 1586 424 1655 πολλοῦ
445 1589 495 1652 δεῖ
515 1586 622 1664 LIIII.
645 1588 725 1673 40¹).

215 1687 332 1754 lentius
353 1701 462 1756 autem
476 1701 509 1756 et
524 1690 675 1776 frigidius
689 1713 761 1754 esse
776 1711 880 1775 genus
894 1689 1049 1754 orationis
1065 1687 1218 1754 XXXIII

124 1791 227 1856 multo
251 1792 348 1857 etism
369 1793 496 1858 facilius
519 1794 578 1860 tibi
599 1793 819 1882 persuadebis,
841 1813 915 1856 eum
937 1791 1076 1876 figures,
1105 1791 1221 1879 quibus

125 1893 199 1958 fere
217 1894 307 1961 55115
330 1898 511 1962 orationum
533 1899 734 1985 priuatarum
756 1897 970 1983 posteriorum
993 1895 1222 1962 Demosthenis

129 2008 252 2080 eareat,
274 2000 308 2063 in
330 2000 387 2064 ille
407 2000 585 2065 desiderari
608 2001 758 2066 audieris.

213 2113 250 2166 ut
279 2125 299 2166 5
329 2103 442 2187 figuris
471 2108 702 2170 sententIarum
733 2101 899 2179 exordiar,
932 2101 1020 2166 nullo
1041 2101 1108 2166 fere
1133 2102 1219 2188 apud

125 2204 380 2271 Demosthenem
402 2208 599 2294 frequentior
621 2217 670 2274 est
692 2229 788 2294 quam
804 2226 938 2270 auersus
954 2228 974 2270 5
988 2205 1094 2270 iudioe
1106 2228 1221 2289 sermo,

126 2329 226 2394 quam
257 2303 477 2400 ἀποστροφὴν
506 2310 626 2377 Graeci
656 2312 911 2376 nominauerunt.
964 2318 1013 2373 est
1034 2310 1120 2374 enim
1141 2309 1222 2375 hese

124 2413 246 2497 figure:
276 2413 436 2479 XXXVI.
470 2415 526 2494 19,
556 2416 613 2493 20,
644 2415 700 2493 22,
731 2413 876 2488 30-32,
906 2414 964 2492 39,
994 2413 1140 2496 43-48,
1170 2414 1222 2495 49,

125 2515 308 2585 XXXVII.
338 2519 388 2596 26,
418 2516 469 2597 30,
498 2518 550 2597 31,
579 2517 630 2595 36,
655 2517 708 2597 49,
730 2517 781 2594 50,
803 2515 853 2595 54,
876 2518 927 2598 55,
950 2516 1001 2596 57,
1028 2514 1221 2580 XXXVIII.

132 2621 181 2703 16,
214 2620 264 2701 18,
293 2620 345 2700 23,
369 2621 419 2696 24,
442 2621 502 2702 27,
531 2619 778 2684 XXXXVIIII.
801 2620 915 2697 7-10,
937 2619 988 2699 21,
1012 2619 1063 2698 28,
1085 2619 1223 2701 30-31,

126 2723 266 2801 32-33,
288 2720 553 2810 34-36,L1111.
576 2723 628 2804 40,
651 2723 753 2787 LVII.
770 2725 822 2805 31,
836 2723 877 2787 32
889 2726 923 2800 2).
967 2730 1001 2785 at
1022 2722 1057 2785 in
1079 2724 1224 2788 oratione

126 2824 285 2890 XXXIII
312 2848 353 2890 ne
380 2847 481 2890 unum
514 2826 642 2913 quiuem
672 2825 854 2912 exemplum
879 2825 1028 2911 reperies.
1079 2826 1112 2890 id
1137 2825 1223 2911 quod

127 2950 256 2994 summo
272 2951 368 3016 opere
382 2929 564 2994 mirandum
580 2939 637 3010 est,
651 2930 840 3017 praesertim
856 2949 928 2992 oum
944 2928 1006 2992 heo
1021 2929 1222 3016 potissimum

127 3033 238 3117 figura
267 3034 399 3097 nimium
428 3036 653 3120 pronominum
683 3031 933 3112 adundantiem,
968 3052 1033 3117 que
1062 3033 1224 3101 interdum

128 3137 235 3202 oratio
256 3135 382 3202 loborat
405 3173 444 3187 -
468 3136 508 3201 of.
532 3138 581 3203 28.
604 3132 714 3218 τούτῳ
737 3128 846 3219 τούτῳ
868 3134 950 3220 ὑπὲρ
973 3136 1097 3201 ἐκεῖνον
1114 3129 1223 3217 τούτῳ

128 3243 255 3305 ἐκείνου
279 3239 401 3305 τοῦτον
421 3277 461 3289 -
484 3242 606 3305 euitare
630 3240 767 3326 scriptor
788 3239 937 3325 potuerit.

218 3343 478 3429 frequentissima
506 3365 620 3430 porro,
649 3351 686 3407 ut
715 3341 757 3406 56
780 3342 953 3407 uerborum
975 3341 1097 3425 figuras
1119 3349 1224 3405 trans·

129 3446 275 3531 gredier‚
315 3445 481 3510 dissolutio
518 3454 567 3511 est
600 3448 668 3510 siue
698 3447 910 3532 coaceruatio
930 3443 1100 3526 dissoluta,
1137 3445 1224 3536 quod

129 3544 315 3616 ἀσύνδετον
346 3550 549 3633 grammatici
581 3549 748 3613 nominare
780 3569 985 3614 consueuere.
1037 3548 1117 3612 haee
1139 3548 1225 3612 enim

128 3653 251 3736 figure,
281 3674 346 3739 qua
375 3675 498 3718 summa
528 3652 682 3717 orationis
712 3653 858 3736 grauitas
880 3651 1034 3734 efficitur,
1063 3673 1084 3714 5
1105 3650 1223 3716 Demo·

130 3753 245 3820 sthene
274 3766 429 3842 usurpate
459 3765 524 3823 est:
555 3753 713 3818 XXXVI.
736 3754 777 3819 47
806 3753 895 3832 ἄγεις
923 3758 966 3829 εἰς
994 3758 1115 3839 μέσον,
1145 3756 1225 3820 δεικ-

130 3851 232 3939 νύεις,
262 3860 413 3944 ἐλέγχεις,
436 3868 468 3923 et
496 3854 650 3940 ἐλαύνεις,
672 3850 807 3938 διώκεις,
829 3866 1058 3944 συκοφαντεῖς,
1085 3858 1128 3923 52
1151 3854 1225 3944 οὐχὶ

203 4033 230 4098 l)
248 4028 284 4082 cf.
302 4043 366 4099 pag.
386 4029 428 4083 76.
464 4029 518 4100 ἐγώ
536 4029 659 4100 μὲνγὰρ
679 4029 759 4094 οἶμαι
777 4032 830 4082 eet.

200 4117 231 4187 2)
249 4115 363 4187 Siggius
381 4131 446 4186 pag.
464 4116 516 4170 420
533 4132 590 4171 555
609 4115 677 4169 setis
702 4122 834 4170 seeurate
857 4114 985 4184 exemplo
1008 4116 1141 4187 collegite
1159 4133 1225 4170 nom

132 4209 162 4256 et
185 4202 273 4256 mults
292 4208 449 4272 quaesunt
473 4201 503 4255 in
526 4203 653 4257 oratione
671 4202 801 4257 XXXVI
819 4201 949 4271 exemplo
970 4202 1171 4272 praetermisit,
1198 4208 1227 4257 et

132 4288 224 4343 LVII.
243 4290 277 4345 66
296 4287 433 4354 laudauit,
452 4304 508 4358 que
525 4288 555 4342 in
573 4291 755 4363 paragrapho
768 4288 959 4361 apostrophen
973 4287 1080 4344 frustra
1097 4305 1229 4361 quaeres.
