2700 4658
567 249 604 258 -.
651 211 702 299 25⁴
739 249 776 256 „.

127 380 294 466 litigantes
320 383 405 447 inter
434 402 470 447 se
499 382 699 448 conciliandi.
756 381 840 469 quod
869 379 1037 447 Arnoldus
1068 379 1216 445 Sebastos

126 508 194 551 rem
223 487 269 550 ita
292 485 354 551 sibi
382 486 491 571 fingit,
525 495 561 552 ut
589 486 608 554 l
638 486 676 551 cl.
704 508 777 574 pag.
801 485 864 551 298
891 484 975 550 med.
1005 483 1088 549 haec
1118 482 1214 548 diest:

126 587 328 676 [Apaturius]
351 589 421 653 tritt
441 588 538 654 ihnen
560 590 619 655 mit
641 589 698 655 der
719 589 931 678 behauptung
952 597 1134 674 entgsgen,
1160 607 1215 650 nur

127 693 179 756 ein
196 690 714 779 ausspruch,indendervon
736 689 1037 757 ihmbestellte
1059 687 1215 754 richter

126 794 378 880 einwillige‚
411 794 510 860 binde
530 796 604 879 ibn,
637 796 689 861 die
711 794 834 861 andern
856 793 974 860 beiden
1004 793 1094 860 seien
1117 791 1215 858 obne

126 897 202 963 den
214 897 361 963 selben
382 919 444 963 nur
458 898 582 984 befugt,
599 922 639 964 nu
654 899 844 979 vermitteln,
866 920 947 964 csue
964 919 1005 962 ne
1021 893 1215 962 assentisr'n.

126 1023 202 1066 nam
228 999 425 1088 Apaturium
462 1023 560 1067 unum
596 1012 721 1067 tantum
752 1001 925 1066 diaetetam
958 998 1123 1065 delectum
1150 1004 1214 1064 esse

127 1105 248 1169 dixisse
269 1104 447 1192 luculenter
468 1115 603 1194 apparet
624 1128 666 1190 ex
684 1103 891 1192 paragrapho
913 1124 978 1169 una
999 1111 1033 1167 et
1055 1101 1214 1184 uicesima,

128 1207 184 1273 ubi
198 1206 376 1273 Aristocles
396 1207 482 1275 solus
505 1209 544 1273 de
559 1209 698 1296 Apaturi
713 1230 830 1274 caussa
845 1206 1038 1292 cognouisse
1059 1213 1214 1271 narrum.

127 1309 213 1396 quod
237 1311 264 1375 si
285 1311 463 1397 Apaturius
484 1312 636 1378 Phocrito
659 1333 786 1399 quoque
815 1320 847 1376 et
868 1311 970 1375 actori
991 1331 1113 1375 nornen
1133 1308 1214 1374 diae

126 1421 213 1478 tetae
234 1414 461 1496 concessisset,
493 1414 671 1481 Aristocles
697 1438 782 1481 unus
804 1413 997 1479 sententiam
1018 1412 1130 1478 fasae
1151 1411 1215 1478 sine

128 1515 229 1582 dubio
245 1539 343 1583 ausus
366 1522 541 1584 non'esset.
584 1518 647 1584 buc
669 1519 802 1599 accedit,
825 1515 912 1604 quod
926 1514 1079 1602 pactione
1102 1515 1216 1580 amissa

22 1659 26 1668 ·
127 1620 168 1684 dc
191 1643 278 1685 noua
299 1619 406 1685 diaeta
428 1623 653 1688 constituenda
682 1626 765 1687 inter
795 1622 958 1705 litigantes
980 1641 1046 1685 non
1067 1618 1215 1685 conuenit

126 1732 258 1812 propter
274 1724 308 1789 id
322 1725 436 1811 ipsum,
459 1726 545 1810 quod
560 1725 601 1790 de
614 1749 748 1791 numero
765 1724 959 1790 arbitrorum
973 1723 1058 1787 inter
1073 1743 1110 1788 se
1125 1723 1214 1788 alter·

127 1836 259 1907 cantur,
288 1849 360 1892 cum
383 1850 484 1893 unum
505 1850 576 1894 esse
601 1829 680 1894 uelit
701 1829 880 1917 Apaturius
902 1825 1111 1907 Aristonem,
1140 1824 1215 1891 Par

126 1953 244 1997 menon
268 1940 335 1996 tres
349 1940 386 1996 ut
400 1930 584 2017 deligantur
598 1933 745 2020 postulet
788 1953 872 2018 quae
885 1953 959 1995 cum
981 1929 1028 1994 ita
1050 1928 1117 1993 sint
1129 1949 1214 2016 pror·

127 2057 181 2100 sus
205 2035 362 2101 assentior
384 2034 550 2118 Darestio,
583 2039 639 2123 qui
659 2057 733 2123 pag.
759 2035 819 2100 198
850 2034 945 2099 haec:
977 2032 1060 2096 mais
1083 2031 1112 2096 si
1136 2032 1157 2097 l’
1177 2053 1214 2098 on

72 2208 77 2216 ,
126 2138 208 2203 croit
228 2138 367 2224 inquitis
381 2138 587 2224 Apatourios‚
609 2139 632 2203 il
647 2141 701 2225 n'y
716 2138 822 2202 aurait
836 2160 877 2203 en
892 2136 989 2224 qu'un
1004 2133 1073 2200 seul
1089 2133 1214 2213 arbitra

125 2241 316 2319 Aristoelbs3
350 2240 397 2305 les
420 2239 506 2305 deux
529 2251 638 2308 autres
664 2242 843 2308 n'auraient
864 2242 914 2305 ete
936 2240 1101 2304 nommdes
1122 2240 1215 2326 qu't

39 2373 41 2376 ·
123 2343 198 2410 titre
216 2343 260 2410 de
283 2343 515 2410 conciliateurs.

212 2456 245 2512 at
267 2447 403 2514 forsitan
425 2448 600 2535 quaesierit
621 2447 789 2534 quispiam,
811 2445 889 2534 quid
904 2445 1139 2530 disceptatores
1164 2443 1214 2509 do-

124 2549 249 2614 mestici
271 2587 310 2599 -
336 2550 396 2616 hoc
425 2552 510 2616 enim
540 2574 657 2617 nomen
680 2549 832 2616 Pbocrito
860 2558 891 2614 et
920 2547 1022 2614 actori
1052 2548 1216 2634 imponere

124 2646 199 2718 lieet
214 2690 255 2702 -·
272 2654 333 2719 sibi
350 2655 458 2734 uelint,
474 2656 500 2719 si
516 2655 646 2741 quidem
661 2655 802 2719 diaeteta
817 2653 958 2718 delectus
974 2651 1024 2730 sit,
1047 2651 1104 2736 qui
1120 2651 1215 2715 etiam

125 2755 313 2822 absentibus
342 2757 492 2824 Phocrito
521 2766 553 2822 et
583 2769 691 2824 actore
722 2757 914 2822 sententiam
949 2753 1076 2819 edicere
1106 2753 1214 2840 possit

124 2881 190 2925 non
213 2858 321 2925 multis
344 2883 425 2948 opus
448 2871 498 2927 est
520 2861 645 2927 uerbis:
679 2859 891 2926 diaetetarum
912 2857 989 2938 fuit,
1021 2865 1099 2922 ante
1122 2878 1215 2944 quarn

125 2961 166 3028 de
187 2985 306 3028 caussa
327 2974 568 3049 cognoscerent,
601 2965 754 3052 experiri,
788 2984 866 3027 num
890 2961 1056 3045 litigantes
1078 2961 1164 3026 inter
1185 2982 1216 3027 se

124 3065 295 3132 conciliare
317 3076 449 3153 possent
458 3066 491 3152 2).
534 3067 594 3133 hoc
624 3069 723 3153 igitur
744 3062 844 3132 unum
873 3063 990 3144 ineis,
1023 3085 1109 3150 quae
1130 3064 1216 3152 Apa·

121 3171 226 3236 turius
241 3169 332 3251 dixit,
354 3172 469 3234 mirum
486 3180 544 3247 est,
566 3172 652 3257 quod
675 3170 754 3235 alios
770 3169 1001 3255 disceptatores
1024 3165 1216 3233 domesticos

124 3379 304 3389 βψω-Μ,
309 3380 329 3385 -.

124 3507 216 3582 λόγων
226 3516 388 3580 γενομένων
401 3511 457 3577 οὐχ
477 3511 553 3571 οἷός
569 3515 599 3564 τ’
617 3505 659 3575 ἧν
676 3516 842 3578 ἐμμένειν
860 3508 913 3564 οῑε
930 3511 1067 3562 ἐκεῖνον
1087 3511 1216 3578 γνοῖεν.

125 3597 170 3667 [ex
193 3599 340 3666 postremis
367 3600 462 3655 uerbis
485 3603 604 3671 apparet
627 3613 684 3650 non
709 3597 755 3668 agi
779 3597 815 3652 de
838 3595 969 3649 disetctis
993 3592 1128 3663 priuatisr
1153 3608 1217 3648 usn

125 3699 220 3738 eorum
239 3685 381 3740 sententia
399 3691 463 3740 rata
474 3692 502 3740 et
520 3683 699 3739 immutabilis
718 3689 769 3737 est.
798 3683 835 3738 cl.
848 3683 947 3777 lictori
965 3681 1014 3735 lib.
1034 3681 1072 3734 de
1089 3681 1217 3737 diastetis

123 3773 314 3932 PQ·13·c{il.§
334 3859 374 3912 19.
412 3848 491 3915 οὗτος
515 3863 568 3927 μὲν
591 3858 681 3920 ἀξιῶν
705 3857 757 3910 τὸν
771 3855 947 3922 Ἀριστοκλέα
969 3885 1000 3894 -
1021 3853 1068 3908 bic
1085 3855 1217 3910 omissum

125 3949 168 3998 est
185 3947 277 4013 ἑαυτῷ
295 3945 381 4015 illud,
409 3944 485 4016 quod
504 3944 686 4000 Schaeferum
712 3943 823 4013 decepit
840 3975 875 3984 -
895 3943 910 3994 ὁ
930 3939 960 3995 δὲ
979 3947 1141 4010 Παρμένων
1156 3943 1219 4000 voa

122 4050 222 4188 semi)
241 4117 497 4175 citfludtwslclrcr
518 4134 583 4189 pag.
608 4119 668 4183 157,
695 4115 793 4172 Meieri
818 4115 866 4170 lib.
891 4116 925 4170 de
950 4114 1081 4170 disetetis
1105 4132 1172 4187 pag.
1193 4115 1217 4179 a,

126 4203 199 4264 Isse.
219 4203 253 4258 de
273 4205 408 4277 Dicaeog.
426 4204 521 4260 hored.
539 4204 581 4258 32.
1202 4248 1206 4253 .
