2700 4658
560 275 772 339 -47-

127 439 213 505 ratio.
267 441 335 523 ,tris
364 445 428 507 res‘
454 452 491 508 ut
520 444 566 510 ait
588 441 817 531 Cornificius1)
846 442 927 509 rhet.
957 443 1000 509 ad
1021 443 1162 512 Herenn.
1184 443 1211 512 I.

127 543 152 607 9.
175 544 225 611 14.
255 548 415 623 ,conuenit
435 547 557 613 habere
578 549 805 630 narrationem,
827 557 863 612 ut
884 547 992 613 breuis
1014 556 1052 612 ut
1073 547 1214 613 dilucida

125 654 158 710 ut
177 648 248 711 ueri
269 649 379 714 similis
406 651 466 715 sit.‘
509 650 710 737 probabilem
732 650 862 738 quidem
877 662 910 717 et
923 653 1127 740 perspicuam
1143 673 1214 716 esse

124 751 337 817 narrationem
375 755 529 819 orationis
561 753 716 819 XXXIII
747 755 863 839 negari
894 777 960 822 non
998 762 1120 841 potest,
1156 753 1214 818 sed

124 851 313 920 breuitatem
337 856 486 943 equidem
507 857 629 922 nullam
652 856 754 921 uideo.
807 859 925 922 etenim
947 878 1030 943 quae
1050 857 1116 921 iam
1138 855 1214 920 inde
1307 844 1314 854 ’

123 977 142 1019 a
170 958 378 1044 paragrapho
405 969 520 1047 quarta
540 959 703 1048 usquead
725 958 968 1046 paragraphum
989 959 1214 1025 duodecimam

123 1070 309 1143 narrantur,
348 1072 384 1127 ut
412 1065 551 1149 priorem
581 1071 782 1128 contractum
811 1063 951 1128 solutum
980 1084 1052 1127 esse
1082 1061 1212 1127 demon·

123 1171 254 1240 stretur,
284 1163 385 1231 multo
415 1166 623 1253 paucioribus
649 1165 757 1233 uerbis
779 1164 906 1232 absolui
926 1174 1084 1252 poterant
1136 1188 1213 1231 nam

117 1265 153 1329 id
179 1288 280 1332 unum
310 1269 444 1335 interest
473 1270 555 1335 scire
582 1269 722 1352 iudices,
744 1277 861 1355 exstet
887 1278 1071 1335 contractus
1093 1291 1214 1335 necne:

121 1369 237 1454 quibus
267 1381 375 1436 autem
405 1373 594 1459 exponitur,
624 1395 689 1459 qua
713 1374 839 1439 ratione
860 1373 967 1460 pactio
989 1371 1044 1438 illa
1066 1372 1214 1437 confecta

118 1474 169 1558 sit,
191 1497 231 1539 ea
254 1476 282 1540 si
304 1498 369 1540 non
390 1479 523 1564 prorsus
546 1477 659 1558 otiosa,
680 1485 790 1541 tamen
811 1477 911 1542 multo
926 1474 1075 1560 longiora
1090 1475 1213 1562 eunt2).

204 1600 265 1643 nec
295 1581 531 1663 argumentatio
557 1578 679 1644 nullam
708 1578 914 1666 uituperandi
936 1601 1050 1643 ansam
1070 1577 1215 1665 praebet.

114 1703 185 1746 non
205 1703 328 1767 premo,
349 1682 435 1767 quod
458 1683 640 1749 testimonio
662 1680 833 1770 probatam
852 1703 922 1746 esse
937 1703 1006 1747 rem
1022 1681 1107 1763 dicit,
1122 1683 1213 1747 cuius

114 1785 167 1848 rei
190 1785 282 1850 testis
304 1808 369 1851 non
391 1786 568 1872 productus
594 1793 643 1851 est
666 1821 705 1832 -—
729 1785 770 1849 cf.
791 1788 819 1866 ξ.
843 1785 893 1851 30.
915 1778 1004 1850 &aaa
1023 1777 1093 1868 μὴν
1111 1782 1214 1849 τοῦτο

107 1880 369 1971 μεμαρτύρηται
391 1886 471 1974 ὑμῖν
478 1939 488 1972 ,
518 1883 631 1956 ὅτι..
655 1941 660 1955 .
685 1941 691 1955 .
715 1882 849 1966 ἐζήτουν
871 1892 983 1971 ἑτέρας
1007 1881 1213 1971 [συνθήκας]

109 1983 316 2077 γράφεσθαι
343 1993 413 2058 κτλ.
436 1992 473 2058 cl.
496 1996 524 2072 ξ.
549 1991 603 2070 19,
633 1988 689 2054 ubi
721 1989 843 2054 nullum
866 1998 973 2054 exstat
994 1990 1213 2054 testimonium

112 2129 159 2140 -
181 2115 259 2158 nam
288 2093 350 2160 hoc
372 2103 441 2160 arte
463 2102 667 2182 procreatum
689 2092 786 2158 alicui
806 2093 972 2158 uideatur:
999 2094 1055 2158 sed
1077 2115 1142 2158 non
1164 2094 1212 2156 in-

107 2197 203 2260 iuria
231 2196 516 2285 reprehendendus
546 2197 674 2263 uidetur
702 2198 736 2261 in
768 2218 823 2278 eo,
850 2197 938 2283 quod
960 2201 988 2280 ξ.
1010 2198 1060 2262 30.
1089 2195 1213 2261 firmius

107 2308 343 2383 argumentum
373 2299 456 2387 (πῶς
486 2300 602 2389 ὀρθῶς
625 2292 668 2366 ἂν
691 2301 764 2384 ἐμοὶ
785 2295 973 2382 δικάζοιτο,
999 2294 1076 2365 καθ’
1103 2293 1144 2365 οὗ
1163 2291 1212 2383 μὴ

107 2404 182 2488 ἔχει
209 2404 450 2489 παρασχέσθαι
480 2398 667 2487 συνθήκας)
697 2413 770 2488 post
800 2403 957 2466 infirmius
983 2399 1083 2488 (πολὺ
1105 2397 1211 2489 γαρὸ

107 2498 215 2590 λόγος
237 2500 281 2585 ἦν
301 2530 361 2591 μοι
383 2499 589 2591 ἰσχυρότερος
611 2502 833 2589 ὁμολογοῦντι
854 2499 916 2584 τὴν
938 2500 1056 2589 ἐγγύην
1078 2506 1131 2569 ἐπὶ
1150 2497 1212 2578 τὰς

107 2610 295 2688 συνθήκας
318 2611 418 2695 ἱέναι)
439 2608 618 2689 collocauit,
640 2616 677 2671 ut
697 2629 802 2694 paene
823 2607 939 2672 lateret
949 2612 986 2689 ³).

204 2712 366 2798 epilogum
382 2711 529 2798 denique,
552 2710 701 2799 quamuis
715 2709 873 2776 breuitate
890 2733 950 2776 sua
964 2708 1116 2777 notabilis
1131 2711 1212 2794 sit‘),

107 2821 227 2881 tamen
256 2815 406 2904 equidem
434 2838 499 2881 non
527 2813 804 2903 reprehenderim:
841 2836 917 2879 nam
948 2815 1067 2903 optime
1096 2814 1212 2880 actoris

107 2917 236 2984 rationi
257 2929 290 2985 et
311 2919 454 2985 moribus
476 2906 634 2998 conuenit,
657 2919 712 3004 qui
732 2918 861 3004 quidem
878 2918 962 2984 bona
978 2940 1096 2984 caussa
1110 2917 1211 2981 fretus

107 3018 258 3087 iudicum
282 3022 533 3089 beniuolentiam
555 3033 688 3109 captare
710 3044 776 3087 non
800 3023 873 3087 uolt.

202 3125 295 3190 Haec
322 3127 363 3191 de
389 3126 601 3214 dispositione
631 3124 822 3191 disseruisse
846 3127 924 3191 satis
947 3125 1062 3192 habeo.
1114 3124 1210 3189 uenio

107 3242 203 3294 nunc
233 3229 276 3295 ad
304 3229 533 3312 elocutionem,
562 3252 604 3294 ex
630 3250 696 3315 qua
722 3228 871 3294 facillime
893 3229 1116 3312 intellegemus
1138 3249 1209 3292 ora-

107 3323 236 3398 tionem
270 3333 354 3398 hanc
385 3358 404 3400 a
435 3333 655 3400 Demosthene
684 3333 884 3421 conpositam
914 3354 985 3398 esse
1012 3353 1077 3397 non
1105 3353 1209 3418 posse.

107 3445 151 3492 ²0
176 3436 316 3523 primum
339 3439 469 3525 quidem

168 3630 322 3637 w

188 3744 213 3813 1)
233 3743 268 3796 cf.
288 3742 483 3798 Volkmannus
501 3759 565 3814 pag.
586 3745 636 3797 113
654 3760 749 3812 proxx.

183 3830 214 3900 2)
231 3830 269 3886 cf.
287 3829 417 3906 §omitia
435 3831 507 3884 rhet.
522 3832 559 3885 ad
577 3830 701 3885 Herenn.
718 3828 741 3886 1.
760 3831 785 3885 9.
805 3829 851 3883 14:
873 3843 932 3883 rem
951 3826 1075 3882 breuiter
1092 3841 1208 3881 narrare

107 3915 277 3988 poterimus,
296 3918 320 3971 si
337 3918 403 3971 inde
422 3917 588 3988 incipiemus
606 3933 732 3986 narrare,
752 3916 826 3972 unde
845 3930 960 3979 necesse
981 3913 1044 3983 erit,
1061 3920 1090 3968 et
1108 3913 1132 3966 si
1151 3931 1209 3969 non

107 3991 149 4048 ab
170 4004 268 4059 ultimo
286 4005 366 4059 initio
384 4011 511 4074 repetere
529 4005 668 4059 uolumus.
690 4009 693 4013 '

186 4091 214 4161 3)
232 4091 268 4145 cf.
288 4091 346 4147 (lic.
366 4091 400 4145 dc
419 4091 567 4147 or.11.77.
586 4091 652 4146 313:
672 4091 754 4145 etiam
773 4091 802 4144 in
820 4089 868 4144 illo
881 4087 1056 4158 reprehendo
1075 4087 1208 4158 eosqui,

113 4177 192 4234 quae
210 4178 322 4234 minime
341 4177 424 4232 firma
441 4183 514 4247 sunt,
533 4194 567 4232 ea
584 4178 676 4248 prima
693 4177 840 4234 collocant.

184 4265 212 4336 4)
230 4264 267 4321 ei.
288 4265 451 4322 Volkmann.
471 4283 537 4340 pag.
556 4267 617 4323 214.
