<?xml version="1.0" encoding="UTF-8"?>
<!DOCTYPE html PUBLIC "-//W3C//DTD XHTML 1.0 Transitional//EN"
    "http://www.w3.org/TR/xhtml1/DTD/xhtml1-transitional.dtd">
<html xmlns="http://www.w3.org/1999/xhtml" xml:lang="en" lang="en">
 <head>
  <title>
</title>
<meta http-equiv="Content-Type" content="text/html;charset=utf-8" />
  <meta name='ocr-system' content='tesseract 3.04.00' />
  <meta name='ocr-capabilities' content='ocr_page ocr_carea ocr_par ocr_line ocrx_word'/>
</head>
<body>
  <div class='ocr_page' id='page_1' title='image "./prolegomenonind00schugoog_0077.png"; bbox 0 0 2700 4658; ppageno 0'>
   <div class='ocr_carea' id='block_1_1' title="bbox 452 228 759 327">
    <p class='ocr_par' dir='ltr' id='par_1_1' title="bbox 452 228 759 327">
     <span class='ocr_line' id='line_1_1' title="bbox 452 228 759 327; baseline 0.016 -37"><span class='ocrx_word' id='word_1_1' title='bbox 452 228 759 327; x_wconf 79' lang='lat'>.··.40·</span> 
     </span>
    </p>
   </div>
   <div class='ocr_carea' id='block_1_2' title="bbox 126 397 1232 1517">
    <p class='ocr_par' dir='ltr' id='par_1_2' title="bbox 191 397 1201 589">
     <span class='ocr_line' id='line_1_2' title="bbox 192 397 1201 485; baseline -0.007 -17"><span class='ocrx_word' id='word_1_2' title='bbox 192 400 423 468; x_wconf 88' lang='lat' dir='ltr'><strong>consuetudine</strong></span> <span class='ocrx_word' id='word_1_3' title='bbox 451 400 641 467; x_wconf 82' lang='lat' dir='ltr'><strong>testimoniis</strong></span> <span class='ocrx_word' id='word_1_4' title='bbox 670 400 828 465; x_wconf 86' lang='lat' dir='ltr'><strong>instructa</strong></span> <span class='ocrx_word' id='word_1_5' title='bbox 850 405 914 482; x_wconf 91' lang='lat' dir='ltr'><strong>est,</strong></span> <span class='ocrx_word' id='word_1_6' title='bbox 936 407 973 464; x_wconf 91' lang='lat' dir='ltr'><strong>ut</strong></span> <span class='ocrx_word' id='word_1_7' title='bbox 994 397 1201 485; x_wconf 81' lang='lat' dir='ltr'><strong>probationes</strong></span> 
     </span>
     <span class='ocr_line' id='line_1_3' title="bbox 191 502 819 589; baseline -0.006 -19"><span class='ocrx_word' id='word_1_8' title='bbox 191 504 402 571; x_wconf 81' lang='lat' dir='ltr'><strong>inartificialis</strong></span> <span class='ocrx_word' id='word_1_9' title='bbox 423 503 587 569; x_wconf 84' lang='lat' dir='ltr'><strong>contineat</strong></span> <span class='ocrx_word' id='word_1_10' title='bbox 606 503 668 589; x_wconf 84' lang='lat' dir='ltr'><strong>(4b</strong></span> <span class='ocrx_word' id='word_1_11' title='bbox 692 539 732 552; x_wconf 89' lang='lat'><em>-</em></span> <span class='ocrx_word' id='word_1_12' title='bbox 755 502 819 588; x_wconf 81' lang='lat'>21).</span> 
     </span>
    </p>

    <p class='ocr_par' dir='ltr' id='par_1_3' title="bbox 126 596 1232 899">
     <span class='ocr_line' id='line_1_4' title="bbox 126 596 1232 697; baseline -0.005 -23"><span class='ocrx_word' id='word_1_13' title='bbox 126 610 171 697; x_wconf 90' lang='lat' dir='ltr'><strong>A)</strong></span> <span class='ocrx_word' id='word_1_14' title='bbox 193 616 367 674; x_wconf 87' lang='lat' dir='ltr'><strong>narrantur</strong></span> <span class='ocrx_word' id='word_1_15' title='bbox 396 629 449 687; x_wconf 84' lang='lat' dir='ltr'><strong>ea,</strong></span> <span class='ocrx_word' id='word_1_16' title='bbox 479 605 596 694; x_wconf 90' lang='lat' dir='ltr'><strong>quibus</strong></span> <span class='ocrx_word' id='word_1_17' title='bbox 618 612 726 671; x_wconf 89' lang='lat' dir='ltr'><strong>orator</strong></span> <span class='ocrx_word' id='word_1_18' title='bbox 748 605 1024 671; x_wconf 80' lang='lat' dir='ltr'><strong>demonstraturus</strong></span> <span class='ocrx_word' id='word_1_19' title='bbox 1044 612 1095 671; x_wconf 88' lang='lat' dir='ltr'><strong>est</strong></span> <span class='ocrx_word' id='word_1_20' title='bbox 1117 627 1201 680; x_wconf 85' lang='lat' dir='ltr'><strong>oom-</strong></span> <span class='ocrx_word' id='word_1_21' title='bbox 1231 596 1232 599; x_wconf 27' lang='lat'>¹</span> 
     </span>
     <span class='ocr_line' id='line_1_5' title="bbox 192 708 1201 798; baseline -0.003 -21"><span class='ocrx_word' id='word_1_22' title='bbox 192 712 364 793; x_wconf 91' lang='lat' dir='ltr'><strong>mercium,</strong></span> <span class='ocrx_word' id='word_1_23' title='bbox 403 709 490 795; x_wconf 94' lang='lat' dir='ltr'><strong>quod</strong></span> <span class='ocrx_word' id='word_1_24' title='bbox 513 710 614 775; x_wconf 87' lang='lat' dir='ltr'><strong>actori</strong></span> <span class='ocrx_word' id='word_1_25' title='bbox 636 731 708 775; x_wconf 92' lang='lat' dir='ltr'><strong>cum</strong></span> <span class='ocrx_word' id='word_1_26' title='bbox 730 708 889 798; x_wconf 87' lang='lat' dir='ltr'><strong>Apaturio</strong></span> <span class='ocrx_word' id='word_1_27' title='bbox 918 708 1031 794; x_wconf 88' lang='lat' dir='ltr'><strong>fuerit,</strong></span> <span class='ocrx_word' id='word_1_28' title='bbox 1061 709 1201 774; x_wconf 90' lang='lat' dir='ltr'><strong>solutum</strong></span> 
     </span>
     <span class='ocr_line' id='line_1_6' title="bbox 193 812 499 899; baseline -0.016 -19"><span class='ocrx_word' id='word_1_29' title='bbox 193 836 264 881; x_wconf 88' lang='lat' dir='ltr'><strong>esse</strong></span> <span class='ocrx_word' id='word_1_30' title='bbox 289 813 350 898; x_wconf 90' lang='lat' dir='ltr'><strong>(4b</strong></span> <span class='ocrx_word' id='word_1_31' title='bbox 370 849 412 861; x_wconf 92' lang='lat'>-</span> <span class='ocrx_word' id='word_1_32' title='bbox 437 812 499 899; x_wconf 82' lang='grc'>12).</span> 
     </span>
    </p>

    <p class='ocr_par' dir='ltr' id='par_1_4' title="bbox 195 915 1202 1517">
     <span class='ocr_line' id='line_1_7' title="bbox 195 915 1199 1004; baseline -0.005 -19"><span class='ocrx_word' id='word_1_33' title='bbox 195 923 227 1001; x_wconf 89' lang='grc'><strong>1)</strong></span> <span class='ocrx_word' id='word_1_34' title='bbox 250 938 348 1004; x_wconf 86' lang='lat' dir='ltr'><strong>quam</strong></span> <span class='ocrx_word' id='word_1_35' title='bbox 369 916 472 980; x_wconf 88' lang='lat' dir='ltr'><strong>uitam</strong></span> <span class='ocrx_word' id='word_1_36' title='bbox 494 921 584 980; x_wconf 88' lang='lat' dir='ltr'><strong>actor</strong></span> <span class='ocrx_word' id='word_1_37' title='bbox 605 915 716 999; x_wconf 85' lang='lat' dir='ltr'><strong>egerit,</strong></span> <span class='ocrx_word' id='word_1_38' title='bbox 739 924 813 980; x_wconf 85' lang='lat' dir='ltr'><strong>ante</strong></span> <span class='ocrx_word' id='word_1_39' title='bbox 828 936 926 1001; x_wconf 87' lang='lat' dir='ltr'><strong>quam</strong></span> <span class='ocrx_word' id='word_1_40' title='bbox 939 915 1136 1003; x_wconf 82' lang='lat' dir='ltr'><strong>Apaturium</strong></span> <span class='ocrx_word' id='word_1_41' title='bbox 1151 935 1199 980; x_wconf 87' lang='lat' dir='ltr'><strong>eo·</strong></span> 
     </span>
     <span class='ocr_line' id='line_1_8' title="bbox 251 1017 811 1107; baseline -0.002 -22"><span class='ocrx_word' id='word_1_42' title='bbox 251 1026 393 1106; x_wconf 83' lang='lat' dir='ltr'><strong>gnosset,</strong></span> <span class='ocrx_word' id='word_1_43' title='bbox 416 1019 589 1107; x_wconf 81' lang='lat' dir='ltr'><strong>exponitur</strong></span> <span class='ocrx_word' id='word_1_44' title='bbox 609 1017 674 1103; x_wconf 91' lang='lat' dir='ltr'><strong>(4b</strong></span> <span class='ocrx_word' id='word_1_45' title='bbox 696 1057 739 1066; x_wconf 93' lang='lat'><em>-</em></span> <span class='ocrx_word' id='word_1_46' title='bbox 760 1017 811 1104; x_wconf 79' lang='lat'><strong>5):</strong></span> 
     </span>
     <span class='ocr_line' id='line_1_9' title="bbox 251 1121 1201 1211; baseline -0.003 -23"><span class='ocrx_word' id='word_1_47' title='bbox 251 1129 285 1205; x_wconf 89' lang='lat' dir='ltr'><strong>a)</strong></span> <span class='ocrx_word' id='word_1_48' title='bbox 308 1122 481 1211; x_wconf 84' lang='lat' dir='ltr'><strong>septimum</strong></span> <span class='ocrx_word' id='word_1_49' title='bbox 494 1123 560 1186; x_wconf 85' lang='lat' dir='ltr'><strong>iam</strong></span> <span class='ocrx_word' id='word_1_50' title='bbox 575 1142 645 1186; x_wconf 89' lang='lat' dir='ltr'><strong>esse</strong></span> <span class='ocrx_word' id='word_1_51' title='bbox 660 1142 790 1204; x_wconf 86' lang='lat' dir='ltr'><strong>annum,</strong></span> <span class='ocrx_word' id='word_1_52' title='bbox 805 1142 846 1186; x_wconf 88' lang='lat' dir='ltr'><strong>ex</strong></span> <span class='ocrx_word' id='word_1_53' title='bbox 860 1140 924 1207; x_wconf 89' lang='lat' dir='ltr'><strong>quo</strong></span> <span class='ocrx_word' id='word_1_54' title='bbox 936 1123 1094 1207; x_wconf 83' lang='lat' dir='ltr'><strong>nauigare</strong></span> <span class='ocrx_word' id='word_1_55' title='bbox 1109 1121 1201 1186; x_wconf 88' lang='lat' dir='ltr'><strong>desti·</strong></span> 
     </span>
     <span class='ocr_line' id='line_1_10' title="bbox 302 1225 483 1312; baseline -0.011 -21"><span class='ocrx_word' id='word_1_56' title='bbox 302 1228 377 1291; x_wconf 87' lang='lat' dir='ltr'><strong>terit</strong></span> <span class='ocrx_word' id='word_1_57' title='bbox 400 1225 483 1312; x_wconf 83' lang='lat' dir='ltr'>(4b).</span> 
     </span>
     <span class='ocr_line' id='line_1_11' title="bbox 248 1326 1201 1415; baseline -0.002 -22"><span class='ocrx_word' id='word_1_58' title='bbox 248 1327 284 1414; x_wconf 91' lang='lat' dir='ltr'><strong>b)</strong></span> <span class='ocrx_word' id='word_1_59' title='bbox 307 1337 382 1393; x_wconf 87' lang='lat' dir='ltr'><strong>ante</strong></span> <span class='ocrx_word' id='word_1_60' title='bbox 411 1328 500 1393; x_wconf 93' lang='lat' dir='ltr'><strong>illum</strong></span> <span class='ocrx_word' id='word_1_61' title='bbox 529 1348 650 1392; x_wconf 85' lang='lat' dir='ltr'><strong>annum</strong></span> <span class='ocrx_word' id='word_1_62' title='bbox 676 1327 795 1392; x_wconf 91' lang='lat' dir='ltr'><strong>diutius</strong></span> <span class='ocrx_word' id='word_1_63' title='bbox 818 1347 890 1393; x_wconf 91' lang='lat' dir='ltr'><strong>eum</strong></span> <span class='ocrx_word' id='word_1_64' title='bbox 913 1326 1002 1415; x_wconf 90' lang='lat' dir='ltr'><strong>apud</strong></span> <span class='ocrx_word' id='word_1_65' title='bbox 1024 1327 1201 1415; x_wconf 80' lang='lat' dir='ltr'><strong>Byzantios</strong></span> 
     </span>
     <span class='ocr_line' id='line_1_12' title="bbox 307 1429 1202 1517; baseline 0 -21"><span class='ocrx_word' id='word_1_66' title='bbox 307 1440 538 1498; x_wconf 89' lang='lat' dir='ltr'><strong>commoratum</strong></span> <span class='ocrx_word' id='word_1_67' title='bbox 550 1450 629 1512; x_wconf 90' lang='lat' dir='ltr'><strong>esse,</strong></span> <span class='ocrx_word' id='word_1_68' title='bbox 641 1437 677 1494; x_wconf 89' lang='lat' dir='ltr'><strong>ut</strong></span> <span class='ocrx_word' id='word_1_69' title='bbox 691 1429 938 1495; x_wconf 84' lang='lat' dir='ltr'><strong>familiarissime</strong></span> <span class='ocrx_word' id='word_1_70' title='bbox 949 1431 995 1496; x_wconf 89' lang='lat' dir='ltr'><strong>eis</strong></span> <span class='ocrx_word' id='word_1_71' title='bbox 1005 1451 1085 1495; x_wconf 92' lang='lat' dir='ltr'><strong>usus</strong></span> <span class='ocrx_word' id='word_1_72' title='bbox 1098 1431 1140 1494; x_wconf 91' lang='lat' dir='ltr'><strong>sit</strong></span> <span class='ocrx_word' id='word_1_73' title='bbox 1149 1429 1202 1517; x_wconf 77' lang='lat'>(5).</span> 
     </span>
    </p>
   </div>
   <div class='ocr_carea' id='block_1_3' title="bbox 197 1551 1206 2051">
    <p class='ocr_par' dir='ltr' id='par_1_5' title="bbox 197 1551 1206 2051">
     <span class='ocr_line' id='line_1_13' title="bbox 197 1551 1203 1640; baseline -0.002 -22"><span class='ocrx_word' id='word_1_74' title='bbox 197 1554 231 1640; x_wconf 79' lang='lat'><strong>2)</strong></span> <span class='ocrx_word' id='word_1_75' title='bbox 255 1553 310 1639; x_wconf 93' lang='lat' dir='ltr'><strong>qui</strong></span> <span class='ocrx_word' id='word_1_76' title='bbox 332 1551 454 1616; x_wconf 85' lang='lat' dir='ltr'><strong>factum</strong></span> <span class='ocrx_word' id='word_1_77' title='bbox 477 1551 527 1630; x_wconf 88' lang='lat' dir='ltr'><strong>sit,</strong></span> <span class='ocrx_word' id='word_1_78' title='bbox 548 1558 585 1614; x_wconf 91' lang='lat' dir='ltr'><strong>ut</strong></span> <span class='ocrx_word' id='word_1_79' title='bbox 600 1551 702 1616; x_wconf 87' lang='lat' dir='ltr'><strong>actori</strong></span> <span class='ocrx_word' id='word_1_80' title='bbox 716 1572 789 1616; x_wconf 90' lang='lat' dir='ltr'><strong>cum</strong></span> <span class='ocrx_word' id='word_1_81' title='bbox 803 1551 962 1639; x_wconf 86' lang='lat' dir='ltr'><strong>Apaturio</strong></span> <span class='ocrx_word' id='word_1_82' title='bbox 978 1555 1203 1619; x_wconf 75' lang='lat' dir='ltr'><strong>commercium</strong></span> 
     </span>
     <span class='ocr_line' id='line_1_14' title="bbox 254 1652 697 1740; baseline 0 -21"><span class='ocrx_word' id='word_1_83' title='bbox 254 1655 354 1736; x_wconf 91' lang='lat' dir='ltr'><strong>fieret,</strong></span> <span class='ocrx_word' id='word_1_84' title='bbox 375 1664 527 1718; x_wconf 82' lang='lat' dir='ltr'><strong>narratur</strong></span> <span class='ocrx_word' id='word_1_85' title='bbox 549 1652 582 1739; x_wconf 88' lang='lat'><strong>(6</strong></span> <span class='ocrx_word' id='word_1_86' title='bbox 595 1691 634 1700; x_wconf 88' lang='lat'>—</span> <span class='ocrx_word' id='word_1_87' title='bbox 648 1653 697 1740; x_wconf 87' lang='lat'><strong>8):</strong></span> 
     </span>
     <span class='ocr_line' id='line_1_15' title="bbox 255 1755 1204 1845; baseline 0.001 -23"><span class='ocrx_word' id='word_1_88' title='bbox 255 1757 288 1844; x_wconf 90' lang='lat' dir='ltr'><strong>a)</strong></span> <span class='ocrx_word' id='word_1_89' title='bbox 310 1759 506 1845; x_wconf 87' lang='lat' dir='ltr'><strong>Apaturium</strong></span> <span class='ocrx_word' id='word_1_90' title='bbox 535 1756 577 1821; x_wconf 89' lang='lat' dir='ltr'><strong>ab</strong></span> <span class='ocrx_word' id='word_1_91' title='bbox 600 1779 638 1821; x_wconf 88' lang='lat' dir='ltr'><strong>eo</strong></span> <span class='ocrx_word' id='word_1_92' title='bbox 659 1758 795 1845; x_wconf 89' lang='lat' dir='ltr'><strong>petisse,</strong></span> <span class='ocrx_word' id='word_1_93' title='bbox 826 1765 862 1822; x_wconf 87' lang='lat' dir='ltr'><strong>ut</strong></span> <span class='ocrx_word' id='word_1_94' title='bbox 883 1755 985 1823; x_wconf 89' lang='lat' dir='ltr'><strong>XXX</strong></span> <span class='ocrx_word' id='word_1_95' title='bbox 1015 1759 1079 1824; x_wconf 91' lang='lat' dir='ltr'><strong>sibi</strong></span> <span class='ocrx_word' id='word_1_96' title='bbox 1100 1762 1204 1826; x_wconf 87' lang='lat' dir='ltr'><strong>minas</strong></span> 
     </span>
     <span class='ocr_line' id='line_1_16' title="bbox 304 1859 625 1946; baseline 0 -22"><span class='ocrx_word' id='word_1_97' title='bbox 304 1868 433 1925; x_wconf 89' lang='lat' dir='ltr'><strong>mutuas</strong></span> <span class='ocrx_word' id='word_1_98' title='bbox 455 1859 547 1924; x_wconf 86' lang='lat' dir='ltr'><strong>daret</strong></span> <span class='ocrx_word' id='word_1_99' title='bbox 569 1859 625 1946; x_wconf 87' lang='grc'>(6),</span> 
     </span>
     <span class='ocr_line' id='line_1_17' title="bbox 249 1962 1206 2051; baseline 0.002 -22"><span class='ocrx_word' id='word_1_100' title='bbox 249 1963 284 2051; x_wconf 82' lang='lat' dir='ltr'><strong>b)</strong></span> <span class='ocrx_word' id='word_1_101' title='bbox 307 1972 459 2044; x_wconf 88' lang='lat' dir='ltr'><strong>actorem,</strong></span> <span class='ocrx_word' id='word_1_102' title='bbox 474 1963 632 2049; x_wconf 90' lang='lat' dir='ltr'><strong>cumipse</strong></span> <span class='ocrx_word' id='word_1_103' title='bbox 646 1962 817 2049; x_wconf 89' lang='lat' dir='ltr'><strong>pecuniam</strong></span> <span class='ocrx_word' id='word_1_104' title='bbox 832 1986 896 2029; x_wconf 93' lang='lat' dir='ltr'><strong>non</strong></span> <span class='ocrx_word' id='word_1_105' title='bbox 908 1963 1086 2047; x_wconf 78' lang='lat' dir='ltr'><strong>habuisset,</strong></span> <span class='ocrx_word' id='word_1_106' title='bbox 1098 1965 1206 2031; x_wconf 85' lang='lat' dir='ltr'><strong>Hera-</strong></span> 
     </span>
    </p>
   </div>
   <div class='ocr_carea' id='block_1_4' title="bbox 305 2065 1212 2254">
    <p class='ocr_par' dir='ltr' id='par_1_6' title="bbox 305 2065 1212 2254">
     <span class='ocr_line' id='line_1_18' title="bbox 305 2065 1212 2153; baseline 0.007 -24"><span class='ocrx_word' id='word_1_107' title='bbox 305 2065 408 2130; x_wconf 88' lang='lat' dir='ltr'><strong>clidae</strong></span> <span class='ocrx_word' id='word_1_108' title='bbox 438 2067 623 2149; x_wconf 87' lang='lat' dir='ltr'><strong>argentario</strong></span> <span class='ocrx_word' id='word_1_109' title='bbox 651 2065 804 2153; x_wconf 82' lang='lat' dir='ltr'><strong>praedem</strong></span> <span class='ocrx_word' id='word_1_110' title='bbox 834 2065 955 2132; x_wconf 85' lang='lat' dir='ltr'><strong>factum</strong></span> <span class='ocrx_word' id='word_1_111' title='bbox 983 2090 1055 2134; x_wconf 88' lang='lat' dir='ltr'><strong>esse</strong></span> <span class='ocrx_word' id='word_1_112' title='bbox 1075 2068 1212 2135; x_wconf 89' lang='lat' dir='ltr'><strong>illarum</strong></span> 
     </span>
     <span class='ocr_line' id='line_1_19' title="bbox 305 2167 697 2254; baseline 0 -23"><span class='ocrx_word' id='word_1_113' title='bbox 305 2167 409 2231; x_wconf 91' lang='lat' dir='ltr'><strong>XXX</strong></span> <span class='ocrx_word' id='word_1_114' title='bbox 430 2168 590 2232; x_wconf 86' lang='lat' dir='ltr'><strong>minarum</strong></span> <span class='ocrx_word' id='word_1_115' title='bbox 613 2167 697 2254; x_wconf 70' lang='lat' dir='ltr'><strong>(ta),</strong></span> 
     </span>
    </p>
   </div>
   <div class='ocr_carea' id='block_1_5' title="bbox 252 2287 1216 2583">
    <p class='ocr_par' dir='ltr' id='par_1_7' title="bbox 252 2287 1216 2583">
     <span class='ocr_line' id='line_1_20' title="bbox 252 2287 1216 2379; baseline 0.008 -27"><span class='ocrx_word' id='word_1_116' title='bbox 252 2288 284 2374; x_wconf 93' lang='lat' dir='ltr'><strong>c)</strong></span> <span class='ocrx_word' id='word_1_117' title='bbox 307 2295 449 2352; x_wconf 88' lang='lat' dir='ltr'><strong>actorem</strong></span> <span class='ocrx_word' id='word_1_118' title='bbox 471 2288 608 2372; x_wconf 86' lang='lat' dir='ltr'><strong>Apaturi</strong></span> <span class='ocrx_word' id='word_1_119' title='bbox 635 2287 668 2350; x_wconf 94' lang='lat' dir='ltr'><strong>in</strong></span> <span class='ocrx_word' id='word_1_120' title='bbox 691 2288 900 2374; x_wconf 85' lang='lat' dir='ltr'><strong>suspitionem</strong></span> <span class='ocrx_word' id='word_1_121' title='bbox 921 2292 1076 2379; x_wconf 86' lang='lat' dir='ltr'><strong>perfidiae</strong></span> <span class='ocrx_word' id='word_1_122' title='bbox 1098 2294 1216 2360; x_wconf 87' lang='lat' dir='ltr'><strong>uocati</strong></span> 
     </span>
     <span class='ocr_line' id='line_1_21' title="bbox 305 2389 1212 2479; baseline 0.009 -24"><span class='ocrx_word' id='word_1_123' title='bbox 305 2411 423 2455; x_wconf 89' lang='lat' dir='ltr'><strong>nauem</strong></span> <span class='ocrx_word' id='word_1_124' title='bbox 444 2398 476 2454; x_wconf 91' lang='lat' dir='ltr'><strong>et</strong></span> <span class='ocrx_word' id='word_1_125' title='bbox 499 2410 609 2455; x_wconf 90' lang='lat' dir='ltr'><strong>seruos</strong></span> <span class='ocrx_word' id='word_1_126' title='bbox 632 2389 783 2456; x_wconf 86' lang='lat' dir='ltr'><strong>simulata</strong></span> <span class='ocrx_word' id='word_1_127' title='bbox 804 2393 963 2479; x_wconf 82' lang='lat' dir='ltr'><strong>emptione</strong></span> <span class='ocrx_word' id='word_1_128' title='bbox 983 2395 1044 2460; x_wconf 92' lang='lat' dir='ltr'><strong>sibi</strong></span> <span class='ocrx_word' id='word_1_129' title='bbox 1058 2396 1212 2464; x_wconf 83' lang='lat' dir='ltr'><strong>uindice-</strong></span> 
     </span>
     <span class='ocr_line' id='line_1_22' title="bbox 306 2492 1215 2583; baseline 0.009 -25"><span class='ocrx_word' id='word_1_130' title='bbox 306 2495 406 2575; x_wconf 90' lang='lat' dir='ltr'><strong>uisse‚</strong></span> <span class='ocrx_word' id='word_1_131' title='bbox 434 2492 569 2558; x_wconf 92' lang='lat' dir='ltr'><strong>dumet</strong></span> <span class='ocrx_word' id='word_1_132' title='bbox 597 2492 700 2558; x_wconf 91' lang='lat' dir='ltr'><strong>XXX</strong></span> <span class='ocrx_word' id='word_1_133' title='bbox 727 2493 802 2560; x_wconf 89' lang='lat' dir='ltr'><strong>illae</strong></span> <span class='ocrx_word' id='word_1_134' title='bbox 830 2498 938 2563; x_wconf 88' lang='lat' dir='ltr'><strong>minae</strong></span> <span class='ocrx_word' id='word_1_135' title='bbox 967 2508 999 2563; x_wconf 94' lang='lat' dir='ltr'><strong>et</strong></span> <span class='ocrx_word' id='word_1_136' title='bbox 1021 2497 1054 2562; x_wconf 89' lang='lat' dir='ltr'>X</span> <span class='ocrx_word' id='word_1_137' title='bbox 1088 2500 1215 2583; x_wconf 91' lang='lat' dir='ltr'><strong>minae,</strong></span> 
     </span>
    </p>
   </div>
   <div class='ocr_carea' id='block_1_6' title="bbox 303 2595 1214 2786">
    <p class='ocr_par' dir='ltr' id='par_1_8' title="bbox 303 2595 1214 2786">
     <span class='ocr_line' id='line_1_23' title="bbox 305 2595 1214 2685; baseline 0.011 -26"><span class='ocrx_word' id='word_1_138' title='bbox 305 2617 385 2682; x_wconf 88' lang='lat' dir='ltr'><strong>quas</strong></span> <span class='ocrx_word' id='word_1_139' title='bbox 423 2616 443 2660; x_wconf 86' lang='lat' dir='ltr'><strong>a</strong></span> <span class='ocrx_word' id='word_1_140' title='bbox 469 2595 687 2662; x_wconf 85' lang='lat' dir='ltr'><strong>Parmenonte</strong></span> <span class='ocrx_word' id='word_1_141' title='bbox 716 2597 893 2684; x_wconf 86' lang='lat' dir='ltr'><strong>Apaturius</strong></span> <span class='ocrx_word' id='word_1_142' title='bbox 933 2609 1099 2667; x_wconf 86' lang='lat' dir='ltr'><strong>mutuatus</strong></span> <span class='ocrx_word' id='word_1_143' title='bbox 1129 2613 1214 2685; x_wconf 89' lang='lat' dir='ltr'><strong>erat,</strong></span> 
     </span>
     <span class='ocr_line' id='line_1_24' title="bbox 303 2697 680 2786; baseline 0.011 -22"><span class='ocrx_word' id='word_1_144' title='bbox 303 2697 521 2765; x_wconf 87' lang='lat' dir='ltr'><strong>redderentur.</strong></span> <span class='ocrx_word' id='word_1_145' title='bbox 544 2697 614 2783; x_wconf 74' lang='lat' dir='ltr'><strong>(ib.</strong></span> <span class='ocrx_word' id='word_1_146' title='bbox 637 2699 680 2786; x_wconf 89' lang='lat'><strong>8).</strong></span> 
     </span>
    </p>
   </div>
   <div class='ocr_carea' id='block_1_7' title="bbox 434 2941 877 2997">
    <p class='ocr_par' dir='ltr' id='par_1_9' title="bbox 434 2941 877 2997">
     <span class='ocr_line' id='line_1_25' title="bbox 434 2941 877 2997; baseline 0.016 -7"><span class='ocrx_word' id='word_1_147' title='bbox 434 2941 638 2992; x_wconf 75' lang='lat' dir='ltr'>TESTIMONIA</span> <span class='ocrx_word' id='word_1_148' title='bbox 656 2943 877 2997; x_wconf 74' lang='lat' dir='ltr'><strong>Rucrrsurvu.</strong></span> 
     </span>
    </p>
   </div>
   <div class='ocr_carea' id='block_1_8' title="bbox 97 3058 1208 4308">
    <p class='ocr_par' dir='ltr' id='par_1_10' title="bbox 97 3058 1208 3147">
     <span class='ocr_line' id='line_1_26' title="bbox 97 3058 1208 3147; baseline 0.012 -22"><span class='ocrx_word' id='word_1_149' title='bbox 97 3131 100 3135; x_wconf 48' lang='grc'><strong>,</strong></span> <span class='ocrx_word' id='word_1_150' title='bbox 195 3060 229 3147; x_wconf 88' lang='grc'><strong>3)</strong></span> <span class='ocrx_word' id='word_1_151' title='bbox 252 3080 347 3146; x_wconf 89' lang='lat' dir='ltr'><strong>quem</strong></span> <span class='ocrx_word' id='word_1_152' title='bbox 380 3059 423 3124; x_wconf 89' lang='lat' dir='ltr'><strong>ad</strong></span> <span class='ocrx_word' id='word_1_153' title='bbox 460 3058 593 3126; x_wconf 92' lang='lat' dir='ltr'><strong>modum</strong></span> <span class='ocrx_word' id='word_1_154' title='bbox 611 3063 851 3129; x_wconf 70' lang='lat' dir='ltr'><strong>&#39;commercium</strong></span> <span class='ocrx_word' id='word_1_155' title='bbox 884 3064 963 3131; x_wconf 89' lang='lat' dir='ltr'><strong>illud</strong></span> <span class='ocrx_word' id='word_1_156' title='bbox 993 3069 1133 3136; x_wconf 88' lang='lat' dir='ltr'><strong>solutum</strong></span> <span class='ocrx_word' id='word_1_157' title='bbox 1166 3074 1208 3138; x_wconf 88' lang='lat' dir='ltr'><strong>sit</strong></span> 
     </span>
    </p>

    <p class='ocr_par' dir='ltr' id='par_1_11' title="bbox 252 3158 611 3249">
     <span class='ocr_line' id='line_1_27' title="bbox 252 3158 611 3249; baseline 0.006 -24"><span class='ocrx_word' id='word_1_158' title='bbox 252 3158 405 3227; x_wconf 83' lang='lat' dir='ltr'><strong>narratur</strong></span> <span class='ocrx_word' id='word_1_159' title='bbox 426 3161 460 3248; x_wconf 88' lang='lat'><strong>(9</strong></span> <span class='ocrx_word' id='word_1_160' title='bbox 483 3196 524 3208; x_wconf 91' lang='lat'>—</span> <span class='ocrx_word' id='word_1_161' title='bbox 549 3162 611 3249; x_wconf 82' lang='lat'><strong>12).</strong></span> 
     </span>
    </p>

    <p class='ocr_par' dir='ltr' id='par_1_12' title="bbox 250 3281 1208 3684">
     <span class='ocr_line' id='line_1_28' title="bbox 250 3281 1208 3373; baseline 0.016 -28"><span class='ocrx_word' id='word_1_162' title='bbox 250 3281 284 3370; x_wconf 90' lang='lat' dir='ltr'><strong>a)</strong></span> <span class='ocrx_word' id='word_1_163' title='bbox 305 3281 515 3369; x_wconf 88' lang='lat' dir='ltr'><strong>Apaturium,</strong></span> <span class='ocrx_word' id='word_1_164' title='bbox 545 3303 619 3347; x_wconf 93' lang='lat' dir='ltr'><strong>cum</strong></span> <span class='ocrx_word' id='word_1_165' title='bbox 640 3281 834 3350; x_wconf 84' lang='lat' dir='ltr'><strong>Heraclidae</strong></span> <span class='ocrx_word' id='word_1_166' title='bbox 861 3290 1079 3373; x_wconf 87' lang='lat' dir='ltr'><strong>argentariam</strong></span> <span class='ocrx_word' id='word_1_167' title='bbox 1103 3293 1208 3360; x_wconf 55' lang='lat' dir='ltr'><strong>dissoss</strong></span> 
     </span>
     <span class='ocr_line' id='line_1_29' title="bbox 302 3384 1203 3485; baseline 0.012 -34"><span class='ocrx_word' id='word_1_168' title='bbox 302 3384 405 3451; x_wconf 84' lang='lat' dir='ltr'><strong>lutam</strong></span> <span class='ocrx_word' id='word_1_169' title='bbox 435 3406 507 3452; x_wconf 87' lang='lat' dir='ltr'><strong>esse</strong></span> <span class='ocrx_word' id='word_1_170' title='bbox 536 3387 745 3472; x_wconf 84' lang='lat' dir='ltr'><strong>conperisset,</strong></span> <span class='ocrx_word' id='word_1_171' title='bbox 770 3410 888 3455; x_wconf 84' lang='lat' dir='ltr'><strong>nauem</strong></span> <span class='ocrx_word' id='word_1_172' title='bbox 917 3399 949 3456; x_wconf 92' lang='lat' dir='ltr'><strong>et</strong></span> <span class='ocrx_word' id='word_1_173' title='bbox 979 3415 1090 3459; x_wconf 87' lang='lat' dir='ltr'><strong>seruos</strong></span> <span class='ocrx_word' id='word_1_174' title='bbox 1114 3399 1203 3485; x_wconf 90' lang='lat' dir='ltr'><strong>oppi-</strong></span> 
     </span>
     <span class='ocr_line' id='line_1_30' title="bbox 303 3484 1206 3583; baseline 0.013 -29"><span class='ocrx_word' id='word_1_175' title='bbox 303 3497 456 3576; x_wconf 78' lang='lat' dir='ltr'><strong>gneratos</strong></span> <span class='ocrx_word' id='word_1_176' title='bbox 471 3484 671 3554; x_wconf 88' lang='lat' dir='ltr'><strong>subducendi</strong></span> <span class='ocrx_word' id='word_1_177' title='bbox 687 3500 838 3556; x_wconf 88' lang='lat' dir='ltr'><strong>conatum</strong></span> <span class='ocrx_word' id='word_1_178' title='bbox 852 3492 977 3579; x_wconf 88' lang='lat' dir='ltr'><strong>fecisse,</strong></span> <span class='ocrx_word' id='word_1_179' title='bbox 999 3497 1033 3561; x_wconf 92' lang='lat' dir='ltr'><strong>in</strong></span> <span class='ocrx_word' id='word_1_180' title='bbox 1051 3518 1116 3583; x_wconf 94' lang='lat' dir='ltr'><strong>quo</strong></span> <span class='ocrx_word' id='word_1_181' title='bbox 1132 3523 1206 3565; x_wconf 89' lang='lat' dir='ltr'><strong>eum</strong></span> 
     </span>
     <span class='ocr_line' id='line_1_31' title="bbox 304 3591 955 3684; baseline 0.009 -27"><span class='ocrx_word' id='word_1_182' title='bbox 304 3612 325 3657; x_wconf 91' lang='lat' dir='ltr'><strong>a</strong></span> <span class='ocrx_word' id='word_1_183' title='bbox 347 3592 564 3658; x_wconf 83' lang='lat' dir='ltr'><strong>Permencnte</strong></span> <span class='ocrx_word' id='word_1_184' title='bbox 585 3591 783 3678; x_wconf 89' lang='lat' dir='ltr'><strong>prohibitum</strong></span> <span class='ocrx_word' id='word_1_185' title='bbox 806 3616 876 3661; x_wconf 89' lang='lat' dir='ltr'><strong>esse</strong></span> <span class='ocrx_word' id='word_1_186' title='bbox 898 3597 955 3684; x_wconf 88' lang='lat'>(9).</span> 
     </span>
    </p>

    <p class='ocr_par' dir='ltr' id='par_1_13' title="bbox 248 3695 1203 3782">
     <span class='ocr_line' id='line_1_32' title="bbox 248 3695 1203 3782; baseline 0.01 -22"><span class='ocrx_word' id='word_1_187' title='bbox 248 3695 282 3781; x_wconf 91' lang='lat' dir='ltr'><strong>b)</strong></span> <span class='ocrx_word' id='word_1_188' title='bbox 305 3716 404 3782; x_wconf 86' lang='lat' dir='ltr'><strong>quam</strong></span> <span class='ocrx_word' id='word_1_189' title='bbox 426 3695 468 3762; x_wconf 94' lang='lat' dir='ltr'><strong>ob</strong></span> <span class='ocrx_word' id='word_1_190' title='bbox 486 3716 557 3760; x_wconf 89' lang='lat' dir='ltr'><strong>rem</strong></span> <span class='ocrx_word' id='word_1_191' title='bbox 579 3703 720 3760; x_wconf 90' lang='lat' dir='ltr'><strong>actorem</strong></span> <span class='ocrx_word' id='word_1_192' title='bbox 736 3717 853 3762; x_wconf 86' lang='lat' dir='ltr'><strong>nauem</strong></span> <span class='ocrx_word' id='word_1_193' title='bbox 868 3699 1081 3766; x_wconf 88' lang='lat' dir='ltr'><strong>oreditoribus</strong></span> <span class='ocrx_word' id='word_1_194' title='bbox 1096 3701 1203 3770; x_wconf 89' lang='lat' dir='ltr'><strong>Hera·</strong></span> 
     </span>
    </p>

    <p class='ocr_par' dir='ltr' id='par_1_14' title="bbox 172 3796 1203 3988">
     <span class='ocr_line' id='line_1_33' title="bbox 172 3796 1203 3891; baseline 0.013 -31"><span class='ocrx_word' id='word_1_195' title='bbox 172 3868 176 3875; x_wconf 60' lang='grc'>,</span> <span class='ocrx_word' id='word_1_196' title='bbox 303 3797 407 3863; x_wconf 85' lang='lat' dir='ltr'><strong>olidae</strong></span> <span class='ocrx_word' id='word_1_197' title='bbox 436 3796 626 3878; x_wconf 86' lang='lat' dir='ltr'><strong>tradidisse,</strong></span> <span class='ocrx_word' id='word_1_198' title='bbox 656 3819 767 3865; x_wconf 86' lang='lat' dir='ltr'><strong>seruos</strong></span> <span class='ocrx_word' id='word_1_199' title='bbox 793 3809 902 3867; x_wconf 89' lang='lat' dir='ltr'><strong>autem</strong></span> <span class='ocrx_word' id='word_1_200' title='bbox 924 3803 985 3868; x_wconf 90' lang='lat' dir='ltr'><strong>sibi</strong></span> <span class='ocrx_word' id='word_1_201' title='bbox 1008 3804 1203 3891; x_wconf 88' lang='lat' dir='ltr'><strong>uindicasse,</strong></span> 
     </span>
     <span class='ocr_line' id='line_1_34' title="bbox 304 3899 680 3988; baseline -0.011 -22"><span class='ocrx_word' id='word_1_202' title='bbox 304 3901 332 3966; x_wconf 95' lang='lat' dir='ltr'><strong>si</strong></span> <span class='ocrx_word' id='word_1_203' title='bbox 355 3899 433 3988; x_wconf 91' lang='lat' dir='ltr'><strong>quid</strong></span> <span class='ocrx_word' id='word_1_204' title='bbox 456 3899 581 3966; x_wconf 89' lang='lat' dir='ltr'><strong>deesset</strong></span> <span class='ocrx_word' id='word_1_205' title='bbox 603 3899 680 3988; x_wconf 90' lang='lat'>(10).</span> 
     </span>
    </p>

    <p class='ocr_par' dir='ltr' id='par_1_15' title="bbox 248 4002 1204 4308">
     <span class='ocr_line' id='line_1_35' title="bbox 248 4002 1202 4090; baseline 0.015 -23"><span class='ocrx_word' id='word_1_206' title='bbox 248 4002 280 4090; x_wconf 86' lang='lat' dir='ltr'><strong>o)</strong></span> <span class='ocrx_word' id='word_1_207' title='bbox 302 4003 439 4069; x_wconf 91' lang='lat' dir='ltr'><strong>eundem</strong></span> <span class='ocrx_word' id='word_1_208' title='bbox 460 4003 601 4090; x_wconf 88' lang='lat' dir='ltr'><strong>Apaturi</strong></span> <span class='ocrx_word' id='word_1_209' title='bbox 635 4004 784 4073; x_wconf 88' lang='lat' dir='ltr'><strong>conuitiis</strong></span> <span class='ocrx_word' id='word_1_210' title='bbox 822 4007 900 4074; x_wconf 91' lang='lat' dir='ltr'><strong>nihil</strong></span> <span class='ocrx_word' id='word_1_211' title='bbox 934 4018 1057 4075; x_wconf 89' lang='lat' dir='ltr'><strong>motum</strong></span> <span class='ocrx_word' id='word_1_212' title='bbox 1082 4033 1202 4080; x_wconf 86' lang='lat' dir='ltr'><strong>nauem</strong></span> 
     </span>
     <span class='ocr_line' id='line_1_36' title="bbox 302 4104 1204 4190; baseline 0.013 -18"><span class='ocrx_word' id='word_1_213' title='bbox 302 4105 439 4172; x_wconf 88' lang='lat' dir='ltr'>XXXX</span> <span class='ocrx_word' id='word_1_214' title='bbox 470 4105 566 4171; x_wconf 88' lang='lat' dir='ltr'><strong>minis</strong></span> <span class='ocrx_word' id='word_1_215' title='bbox 597 4104 800 4190; x_wconf 90' lang='lat' dir='ltr'><strong>uendidisse,</strong></span> <span class='ocrx_word' id='word_1_216' title='bbox 828 4119 864 4175; x_wconf 89' lang='lat' dir='ltr'><strong>ut</strong></span> <span class='ocrx_word' id='word_1_217' title='bbox 886 4119 918 4176; x_wconf 89' lang='lat' dir='ltr'><strong>et</strong></span> <span class='ocrx_word' id='word_1_218' title='bbox 938 4109 1150 4182; x_wconf 82' lang='lat' dir='ltr'><strong>Parmenonti</strong></span> <span class='ocrx_word' id='word_1_219' title='bbox 1172 4128 1204 4183; x_wconf 88' lang='lat' dir='ltr'><strong>et</strong></span> 
     </span>
     <span class='ocr_line' id='line_1_37' title="bbox 306 4206 1201 4308; baseline 0.015 -33"><span class='ocrx_word' id='word_1_220' title='bbox 306 4206 497 4275; x_wconf 82' lang='lat' dir='ltr'><strong>Heraclidae</strong></span> <span class='ocrx_word' id='word_1_221' title='bbox 512 4208 728 4277; x_wconf 88' lang='lat' dir='ltr'><strong>creditoribus</strong></span> <span class='ocrx_word' id='word_1_222' title='bbox 743 4211 822 4277; x_wconf 87' lang='lat' dir='ltr'><strong>satis</strong></span> <span class='ocrx_word' id='word_1_223' title='bbox 842 4212 968 4282; x_wconf 84' lang='lat' dir='ltr'><strong>factum</strong></span> <span class='ocrx_word' id='word_1_224' title='bbox 978 4217 1020 4282; x_wconf 84' lang='lat' dir='ltr'><strong>sit</strong></span> <span class='ocrx_word' id='word_1_225' title='bbox 1034 4217 1098 4303; x_wconf 89' lang='lat' dir='ltr'>(ll.</span> <span class='ocrx_word' id='word_1_226' title='bbox 1116 4221 1201 4308; x_wconf 84' lang='lat' dir='ltr'><strong>l2a).</strong></span> 
     </span>
    </p>
   </div>
   <div class='ocr_carea' id='block_1_9' title="bbox 0 0 1364 4658">
    <p class='ocr_par' dir='ltr' id='par_1_16' title="bbox 0 0 1364 4658">
     <span class='ocr_line' id='line_1_38' title="bbox 0 0 1364 4658; baseline 0 0"><span class='ocrx_word' id='word_1_227' title='bbox 0 0 1364 4658; x_wconf 95' lang='lat' dir='ltr'><strong> </strong></span> 
     </span>
    </p>
   </div>
  </div>
 </body>
</html>
