2700 4658
531 231 720 294 -5,

78 400 188 483 putav
213 402 278 483 ἐμὲ.
329 398 417 467 dicet
444 399 559 487 uliquis
591 400 661 466 ueri
691 401 794 469 simile
823 416 895 472 esse
923 403 1173 472 Parmenontem

77 504 201 588 pariter
227 511 326 587 atque
353 503 548 591 Apaturium
579 504 684 573 ciuem
714 505 872 583 arbitrum
898 507 960 575 sibi
990 509 1174 595 sumpsisse,

78 613 114 671 ut
136 626 241 693 aequa
262 605 428 691 litigantes
444 616 610 686 uterentur
631 608 827 678 condicione.
873 615 907 677 at
928 611 990 678 boc
1003 633 1173 696 argumen-

76 717 145 774 tum
168 731 266 796 quam
287 708 446 776 lubricum
469 711 511 777 sit
531 730 625 776 nemo
648 733 712 778 non
735 712 832 779 uidet

168 833 347 898 quaecum
369 815 416 879 ita
438 815 518 896 sint,
547 814 696 880 omnibus
718 817 815 884 rebus
836 818 1003 907 perpensis
1025 817 1104 884 nihil
1125 819 1172 896 in,-

78 917 175 981 uenio
198 937 255 982 cur
272 915 447 984 Schaefero
469 918 710 985 assentiendum
731 923 781 1004 sit,
802 943 998 1010 quamquam
1019 942 1104 1008 quae
1124 928 1175 986 eat

75 1020 214 1106 penuria
228 1029 500 1104 argumentorum,
522 1043 564 1086 ne
584 1017 668 1087 illud
686 1024 815 1109 quidem
836 1047 895 1112 pro
917 1033 1005 1092 certo
1019 1024 1174 1091 affirmari

77 1130 194 1210 potest,
216 1125 322 1190 ciuem
342 1123 443 1190 fuisse
466 1133 616 1194 actorem.
672 1126 674 1130 ’

164 1227 205 1292 dc
220 1225 428 1315 Apaturi01),
451 1228 503 1293 cui
521 1228 669 1315 exceptio
691 1229 815 1296 intenta
829 1241 887 1313 est,
908 1231 988 1297 nihil
1003 1229 1172 1299 dicendum

77 1339 128 1397 est
158 1330 222 1396 nisi
252 1329 330 1399 hoc:
362 1340 575 1398 mercatorem
604 1332 801 1419 Byzantium
830 1356 904 1399 cum
932 1335 1041 1401 fuisse.
1090 1355 1173 1420 quae

79 1434 167 1499 enim
187 1441 357 1521 praeterea
380 1435 542 1503 monenda
567 1443 652 1519 sunt,
683 1457 742 1503 sua
764 1447 878 1525 sponte
899 1439 933 1505 in
955 1437 1079 1525 reliqua
1100 1459 1173 1505 nar·

78 1538 205 1605 iatione
228 1545 404 1605 occurrent.

163 1641 233 1707 Iam
248 1663 326 1708 uero
345 1662 462 1707 caussa
477 1663 560 1728 quae
583 1643 625 1708 sit
639 1641 856 1729 uideamus2):
879 1645 974 1710 tertio
990 1647 1074 1712 anno
1097 1654 1173 1711 ante

80 1767 179 1833 quam
201 1746 349 1832 exceptio
370 1746 496 1810 intenta
510 1753 569 1828 est,
590 1745 768 1833 Apaturius
790 1745 843 1812 ille
864 1756 897 1812 et
910 1746 1093 1815 Parmenon
1107 1748 1173 1835 By·
1245 1744 1250 1754 ’

80 1849 219 1932 nuntius,
240 1850 295 1935 qui
309 1857 419 1913 tamen
433 1857 501 1915 tum
522 1846 615 1912 exsul
625 1849 651 1934 3)
667 1847 816 1936 Ophryni
837 1850 1034 1918 domicilium
1049 1851 1171 1929 habuit,

79 1951 219 2017 Athenis
242 1952 284 2017 ad
307 1958 449 2016 actorem
479 1951 599 2017 adeunt
621 1952 663 2018 ab
690 1975 792 2040 eoque
818 1961 946 2041 petunt,
977 1964 1012 2020 ut
1034 1956 1172 2041 Apaturi

79 2055 257 2122 calamitati
286 2062 461 2121 succurrat.
504 2053 557 2118 hic
586 2054 673 2119 enim
694 2055 773 2119 nani
803 2057 1016 2142 oppignerata
1037 2057 1172 2123 XXXX

79 2160 185 2225 minas
200 2157 321 2239 debuit,
343 2159 372 2223 ei
395 2166 503 2222 autem
518 2158 574 2244 qui
595 2158 809 2241 crediderant,
831 2180 904 2224 oum
927 2159 995 2225 dies
1018 2161 1171 2229 soluendo

79 2265 253 2328 constituta
282 2261 505 2350 praeterisset,
538 2260 663 2327 fortiter
697 2263 866 2351 pecuniam
895 2263 1108 2350 reposcebant
1141 2275 1172 2332 et

78 2388 205 2455 nauem,
227 2374 263 2430 nt
284 2366 373 2451 leges
388 2364 608 2432 concedebant
618 2368 656 2453 ⁴),
678 2365 742 2431 sibi
760 2365 1016 2446 uindicabant5).
1060 2390 1171 2454 quam·

80 2491 178 2558 quam
206 2490 290 2556 qnae
312 2469 508 2556 Apaturius,
539 2476 576 2532 ut
604 2470 722 2533 actoris
751 2469 1005 2533 misericordiam
1033 2481 1172 2553 moueat,

79 2583 193 2640 narrat
221 2571 395 2638 creditores
430 2573 524 2635 nauis
560 2570 734 2657 cupiditate
770 2571 914 2658 inpulsos
943 2573 1173 2638 existimationi

80 2699 158 2744 suae
179 2678 214 2742 in
238 2676 379 2764 emporio
394 2674 585 2755 obtrectare,
606 2677 733 2760 nequis
749 2675 810 2740 sibi
832 2675 1004 2761 pecuniam
1026 2684 1171 2740 mutuam

151 2939 177 2998 1)
195 2952 297 2990 nomen
316 2933 462 2989 aduersari
474 2934 573 2989 notum
592 2939 633 2988 est
651 2950 683 2988 ex
697 2929 737 3006 ἐξ
751 2934 775 2989 3.
794 2934 819 2988 4.
832 2935 863 3003 Ι9.
883 2935 924 2988 16.
944 2933 986 2988 22.
1006 2933 1050 2988 28.
1068 2933 1110 2989 35.
1129 2934 1171 2988 37.

148 3027 165 3080 2
196 3023 232 3077 ef.
250 3025 282 3093 ἐξ
299 3023 376 3077 5-8.

151 3025 180 3181 3))
200 3109 338 3164 Liberius
356 3107 385 3161 in
398 3111 566 3180 argumento
584 3121 650 3177 pag.
668 3107 720 3161 891
737 3105 954 3160 Parmenontem
971 3105 1062 3179 φυγὴν
1079 3111 1109 3160 tn
1126 3115 1174 3175 τῆς

83 3194 219 3270 πατρίδας
242 3191 489 3250 καταδεδικάσθαι
510 3194 547 3249 ud
572 3191 701 3248 exsilium
725 3209 742 3245 a
766 3191 907 3248 iudicibus
928 3193 1093 3249 damnatum
1110 3210 1173 3250 esee

83 3286 131 3342 ait.
170 3284 225 3339 hoc
248 3287 326 3339 recte
351 3281 457 3336 dictum
486 3280 522 3335 sit
546 3293 636 3335 necne
666 3278 806 3336 diudicari
827 3279 933 3350 nequit
973 3281 1173 3351 grammaticus

83 3374 158 3429 enim
182 3371 231 3426 ille
256 3369 316 3426 eine
341 3368 427 3424 dubio
451 3382 524 3438 quae
547 3366 618 3421 dixit
644 3381 679 3421 ex
702 3365 837 3422 orationis
859 3366 954 3420 uerbis
971 3366 1014 3421 his
1036 3369 1127 3447 ,φυγὰς
1144 3365 1170 3421 δ’

83 3460 198 3513 ἐκεῖθεν
215 3457 256 3529 (5)
273 3452 417 3512 conclusit.
452 3469 522 3508 uoce
542 3455 628 3527 φυγάς
649 3458 744 3508 autem
762 3451 846 3506 etiam
870 3451 894 3506 is
914 3451 1054 3525 designari
1071 3460 1174 3526 potest,

86 3546 135 3618 qui
153 3549 203 3600 aut
214 3543 295 3610 ultro,
316 3546 496 3612 anteaquam
514 3538 648 3595 iudicium
666 3536 726 3609 fiat,
744 3539 773 3592 in
787 3537 917 3594 exsilium
935 3538 1004 3606 abit,
1023 3544 1072 3595 aut
1088 3540 1173 3596 rebus

84 3633 216 3689 ciuilibus
233 3628 406 3702 perturbatis
424 3643 476 3682 sua
493 3632 592 3699 sponte
610 3627 732 3696 patriam
752 3626 892 3697 relinquit

156 3719 182 3790 4)
203 3716 238 3773 cf.
251 3716 349 3770 Meteri
362 3721 392 3769 et
401 3712 588 3770 Schoemanni
600 3713 672 3767 liber
685 3712 720 3767 de
728 3710 934 3767 litibusdtticia
940 3729 1007 3785 pag.
1016 3714 1068 3770 508
1076 3728 1173 3783 proxx.

154 3807 181 3875 5)
199 3804 275 3877 quod
293 3801 442 3858 Darestius
459 3800 477 3856 l.
496 3803 529 3856 cl.
550 3799 627 3855 dicit:
647 3799 674 3854 le
691 3804 779 3854 terme
796 3799 867 3855 dtait
885 3799 957 3856 dchu
977 3805 1006 3856 et
1023 3815 1079 3854 aea
1097 3802 1173 3854 ord-

86 3892 225 3947 ancicra
242 3891 275 3946 le
297 3888 586 3959 pouravivaient,
599 3886 653 3943 hoc
665 3902 722 3942 non
734 3885 875 3960 intellego.
896 3886 945 3942 'an
957 3886 1002 3942 uir
1013 3885 1061 3940 ille
1074 3885 1175 3942 doctus

86 3977 222 4051 cogitauit
240 3977 275 4032 de
288 3974 408 4045 actione,
426 3990 511 4047 quam
522 3974 676 4030 creditores
688 3972 827 4044 Apaturio
839 3971 1045 4028 intendissent?
1062 3972 1175 4028 actione

87 4071 180 4121 autem
204 4080 275 4135 opus
297 4078 354 4118 non
377 4067 447 4117 erat.
487 4062 590 4118 etenim
608 4060 676 4131 quia
701 4058 782 4116 nauis
804 4059 992 4130 oppignerata
1014 4063 1089 4129 erat,
1115 4075 1174 4114 cre-

88 4151 238 4218 ditoribus,
264 4156 296 4206 ut
321 4149 443 4223 primum
471 4149 531 4205 dies
556 4147 694 4204 soluendo
721 4145 876 4202 constituta
901 4146 1097 4219 praeterlapsa
1125 4150 1174 4212 est,

88 4255 188 4296 nauem
206 4237 350 4295 uendendi
367 4237 411 4292 ius
429 4240 499 4292 erat.
535 4234 571 4292 cf.
590 4234 688 4290 Meier.
707 4235 730 4291 ts
748 4234 873 4304 Schoem.
892 4233 911 4290 l.
930 4232 966 4289 cl.
