2700 4658
596 276 867 342 ·-76-

214 450 321 518 LIIII.
352 452 394 516 28
426 442 497 514 τότ’
527 439 571 513 ἂν
600 485 639 496 -
669 442 736 514 τότ’
772 447 832 526 ἄν,
859 447 930 513 LV.
961 448 1004 511 20
1034 447 1163 533 ἔβλαψε
1184 446 1247 529 μὲν
1269 484 1309 495 -

213 555 342 643 ἔβλαψε
364 553 398 617 δέ
420 551 523 618 LVII.
546 553 587 617 28
605 547 674 617 ,οὐκ
697 589 738 600 -
761 546 821 616 οὐκ
843 590 884 601 -
906 545 977 633 οὐκ,
998 551 1050 616 46.
1072 545 1116 624 ὡς
1140 536 1180 598 ’-
1203 546 1247 624 ὡς
1270 587 1308 597 -

215 656 265 734 ὡς.
308 657 349 722 cf.
370 655 503 740 Siggius
524 653 543 721 l.
565 653 603 720 cl.
626 653 845 719 Rehdantaius
866 654 930 721 ind.
953 654 979 719 1.
1003 676 1026 719 s.
1049 676 1090 735 n,
1104 651 1312 737 Frohberger

213 762 248 827 in
277 783 375 827 noun.
406 759 511 825 annal.
542 756 694 845 philolog.
726 766 758 822 et
779 757 960 844 poedagog.
984 756 1047 826 uol.
1070 759 1129 839 82,
1161 779 1191 820 a.
1217 757 1310 832 1860,

214 885 288 952 pag.
311 863 371 928 421
398 862 471 928 adn.
494 864 542 927 12.

299 975 367 1031 tum
403 966 438 1031 in
474 966 619 1031 oratione
649 963 802 1032 XXXIII
834 965 918 1030 duae
949 965 1059 1030 ineunt
1092 962 1310 1029 subiectiones

213 1067 414 1157 (ὑποφοροί)
427 1070 451 1155 1)
474 1073 526 1151 ἐξ.
549 1069 591 1134 25
606 1076 639 1133 et
654 1069 705 1149 37,
728 1089 865 1154 quarum
888 1076 1023 1154 utraque
1035 1065 1208 1161 'uocabulis
1223 1058 1310 1132 ἀλλὰ

214 1167 255 1252 νὴ
277 1173 341 1238 Δία
363 1173 534 1251 inducitur,
556 1172 668 1259 quales
692 1171 905 1237 subiectiones
920 1171 1079 1239 XXXVI.
1095 1172 1136 1239 39
1151 1178 1185 1234 et
1199 1168 1309 1242 LIIII.

156 1335 158 1338 ,
214 1276 297 1342 34et
307 1271 479 1343 uerborum
492 1275 699 1342 collocatione
710 1283 835 1340 mutata
845 1268 899 1360 (νὴ
907 1273 971 1340 ’Δία
984 1267 1085 1360 ἄλλοί)
1096 1272 1310 1339 XXXVIIII.

215 1381 253 1445 31
279 1377 389 1444 habes.

299 1481 578 1568 frequentissimae
594 1481 732 1567 denique
745 1482 779 1547 in
796 1481 941 1548 oratione
956 1479 1108 1545 XXXIII
1125 1489 1200 1546 sunt
1214 1482 1311 1546 inter·

217 1585 402 1668 rogationes
425 1585 485 1670 (ἐξ.
509 1586 560 1650 23.
583 1586 634 1650 25.
657 1586 707 1652 28.
731 1584 783 1653 29.
807 1585 857 1649 30.
885 1584 937 1651 31.
960 1584 1011 1648 34.
1034 1585 1084 1651 36.
1107 1584 1158 1650 31.
1181 1585 1249 1669 38),
1277 1584 1311 1649 in

213 1711 279 1775 qua
308 1689 414 1772 figura
443 1687 616 1773 singularis
645 1687 803 1775 quaedam
825 1686 1053 1755 Demosthenis
1081 1709 1135 1755 ars
1157 1688 1310 1752 cernitur.

213 1791 272 1856 sed
294 1800 403 1856 tamen
424 1791 494 1877 ipse
509 1791 663 1871 Blassius,
685 1792 741 1877 qui
762 1791 917 1856 orationis
938 1789 1025 1856 illius
1046 1811 1149 1876 genus
1171 1790 1310 1857 fortasse

214 1896 309 1960 nimis
331 1894 491 1973 laudauit,
525 1916 591 1959 non
618 1903 726 1981 potest
751 1917 817 1960 non
847 1892 1023 1959 concedere
1052 1893 1119 1959 fere
1149 1914 1310 1979 nusquam

213 1998 247 2062 in
263 2018 302 2061 ea
316 1998 422 2063 inesse
437 1999 630 2082 grauitatem
653 1998 741 2064 illam
765 1997 817 2063 uel
832 1999 1086 2079 contentionem,
1102 2018 1200 2082 quam
1216 1987 1308 2082 ἐνάρ-

212 2123 305 2186 γειαν
321 2099 440 2166 Graeci
463 2101 580 2168 dicant.
624 2102 711 2187 quod
734 2103 788 2188 qui
810 2102 933 2167 factum
948 2101 998 2182 sit,
1021 2100 1083 2167 hoo
1105 2101 1310 2187 potissimum

212 2203 247 2268 in
276 2224 394 2287 genere
423 2203 600 2288 figurarum
629 2204 850 2269 demonstrare
880 2204 963 2272 lieet.
1007 2206 1146 2294 primum
1177 2205 1308 2291 quidem

211 2305 521 2390 interrogationibus
564 2328 786 2392 numquam
830 2306 1032 2373 subiciuntur
1072 2309 1309 2395 responsiones,

212 2407 329 2495 quihus
358 2411 392 2474 in
413 2409 640 2476 Demosthenis
668 2409 867 2477 orationibus
890 2403 1042 2476 alacritas
1067 2411 1184 2477 mirum
1206 2433 1307 2498 quan·

210 2521 279 2581 tum
303 2522 448 2597 augetur,
470 2513 581 2600 quales
605 2524 696 2580 sunt:
720 2508 788 2578 οὐδ’
815 2510 859 2590 εἷς
873 2510 983 2594 δήπου
998 2513 1157 2581 XXXVI.
1176 2515 1225 2595 19,
1246 2538 1307 2599 uo

210 2616 328 2700 ὃεμίαν
350 2611 458 2693 δήπου
484 2617 644 2683 XXXVI.
676 2619 727 2700 25,
757 2615 862 2692 οὐδεὶς
892 2614 1000 2696 δήπου
1021 2617 1233 2685 XXXVIIII.
1256 2621 1309 2699 40,

208 2718 369 2802 μηδαμῶς
391 2719 566 2788 XXXVII.
589 2720 641 2802 50,
662 2721 713 2802 56,
739 2720 934 2791 XXXVIII.
957 2722 1009 2800 22,
1030 2720 1240 2788 XXXVIIII.
1257 2722 1309 2802 36,

210 2816 360 2904 οὐδαμοῦ
380 2822 487 2888 LVII.
510 2825 560 2902 55,
583 2819 643 2889 οὐκ
666 2827 736 2889 ἔστι
751 2824 860 2889 ταῦτα
881 2823 984 2890 LVII.
1001 2826 1051 2904 53,
1073 2818 1135 2909 tyci
1157 2827 1220 2910 μὲν
1241 2822 1307 2912 γὰρ

209 2920 305 3007 οἶμαι
319 2924 427 2992 LIIII.
443 2927 494 3007 22,
515 2923 575 2992 οὐκ
594 2923 689 3011 οἶμαί
702 2949 737 3010 ys
752 2926 860 2991 LIIII.
875 2928 926 3006 20,
948 2921 1011 3012 tyci
1031 2929 1093 3012 μὲν
1114 2923 1175 2991 οὐκ
1190 2925 1307 3010 οἴομαι

209 3025 386 3094 XXXVII.
399 3028 450 3109 38,
468 3028 663 3095 XXXVIII.
684 3031 733 3107 12,
752 3024 813 3114 tyci
835 3031 897 3113 μὲν
908 3029 1003 3096 οὐδὲν
1025 3026 1119 3112 οἶμαι
1132 3028 1236 3095 LVII.
1252 3031 1306 3112 36,

209 3126 270 3213 lyei
292 3132 354 3214 μὲν
376 3127 482 3199 οὐδέν’
518 3124 561 3199 clv
589 3132 703 3217 οἴομαι
726 3131 938 3199 XXXVIIII.
961 3133 1014 3212 24,
1042 3126 1103 3216 lyei
1125 3133 1187 3215 μὲν
1209 3130 1307 3218 οἶμαι

207 3226 256 3316 μί
288 3234 395 3302 LIIII.
428 3236 479 3302 43.
523 3236 640 3301 deinde
671 3236 825 3323 paruolae
861 3234 936 3301 illae
971 3236 1303 3319 interrogatiunculae

129 3334 131 3339 ’
211 3334 335 3420 desunt,
358 3361 440 3424 quae
463 3362 527 3405 non
549 3342 655 3405 minus
672 3340 810 3405 alacrem
827 3340 1004 3404 orationem
1019 3338 1177 3403 reddunt:
1201 3340 1236 3404 τί
1252 3342 1304 3418 δέ,

208 3439 419 3516 XXXVIIII.
443 3444 472 3523 9,
502 3444 551 3524 12,
583 3445 623 3508 15
644 3443 703 3523 bis,
736 3445 784 3523 16,
817 3445 865 3521 18,
896 3445 930 3506 τί
951 3441 1036 3528 γάρς
1067 3441 1227 3508 XXXVI.
1252 3443 1305 3524 53,

208 3541 277 3616 πῶς
299 3536 384 3631 ydra·
416 3545 592 3612 XXXVII.
616 3547 666 3627 26,
696 3545 892 3614 XXXVIII.
915 3545 966 3625 24,
991 3548 1026 3610 τί
1047 3537 1111 3631 γὰρ
1134 3537 1178 3611 ἂν
1199 3537 1223 3623 ἢ
1246 3540 1305 3613 διὰ

209 3648 262 3722 τίς
283 3646 389 3713 LlIlI.
412 3652 462 3728 33,
486 3652 520 3715 τί
541 3643 601 3715 οὖν
623 3653 694 3716 ἔστι
723 3650 823 3715 τοῦτο
846 3648 1022 3713 XXXVII.
1045 3649 1097 3729 24,
1126 3650 1216 3722 τίνος
1239 3642 1306 3737 γὰρ

206 3752 299 3814 ἕνεκα
312 3801 318 3814 .
332 3803 338 3816 .
352 3772 376 3832 .;
401 3757 456 3819 ἴνα
468 3753 643 3819 XXXVII.
668 3753 718 3831 27,
739 3745 843 3817 αὗται
864 3748 891 3815 ὅ
918 3753 979 3816 εἰσὶ
1002 3753 1104 3828 muse,-
1121 3750 1301 3818 XXXVII.

206 3853 264 3932 29,
294 3851 358 3920 ὑπὸ
389 3860 450 3921 τοῦ
480 3856 605 3941 ταῦτο;
635 3855 812 3920 XXXVII.
840 3855 900 3937 50,
932 3855 1001 3932 πῶς
1031 3861 1091 3921 mlv
1116 3855 1305 3945 εἰσέπραξε,

206 3955 400 4026 XXXVIII.
426 3962 474 4040 11,
504 3959 573 4024 τίσι
602 3960 635 4024 δὲ
660 3962 819 4043 μεγίστην
827 3986 839 4033 ,·
865 3957 1058 4023 XXXVIII.
1090 3959 1141 4041 25,
1172 3958 1297 4025 savia

277 4129 303 4194 1)
322 4128 356 4182 de
375 4128 547 4185 subiectione
559 4129 594 4184 cf.
609 4128 698 4184 Rehd.
712 4129 767 4186 ind.
781 4128 803 4183 1.
817 4145 839 4185 s.
857 4144 884 4183 u.
898 4127 1039 4200 ὑποφορά,
1061 4128 1149 4185 Blass.
1167 4145 1236 4202 pag.
1251 4133 1305 4188 150

205 4230 300 4283 proxx.
326 4214 484 4271 docuerunt
501 4220 595 4271 autem
614 4216 643 4270 hi
666 4215 719 4270 uiri
742 4215 819 4271 docti
837 4215 1059 4271 subiectionibus
1081 4215 1303 4273 Demosthenem

204 4299 368 4371 saepissime
385 4318 447 4358 esse
464 4320 555 4359 usum.
