2700 4658
534 262 745 326 „45-

353 431 387 516 1)
409 438 561 509 actorem,
583 431 612 495 ai
630 452 727 518 praes
748 439 843 512 eaaet,

410 532 659 598 Parmenontem
670 532 808 598 Athenis
825 533 916 598 abire
938 554 1106 619 passurum
1122 557 1189 600 non

409 636 510 702 fuisse
532 634 612 722 (28),

352 739 387 825 2)
409 738 563 827 praedem
586 759 622 802 eo
643 759 714 804 esse
735 759 800 804 non
813 746 1006 822 negaturum
1028 759 1107 819 ease,
1130 738 1188 804 aad

409 844 457 907 ita
470 863 504 906 ae
518 840 734 922 defensurum,
757 850 794 906 ut
809 839 976 907 arbitrium
993 851 1100 906 ratum
1117 864 1187 908 ease
1240 848 1242 852 ’

413 946 576 1030 negitaret
597 943 675 1032 (29).

352 1048 388 1134 3)
410 1048 563 1114 amineam
585 1071 657 1114 esse
679 1050 870 1135 pactionem,
900 1068 941 1112 ex
963 1065 1029 1133 qua
1050 1049 1189 1134 pecunia

410 1151 567 1236 exigatur,
589 1172 650 1219 nec
670 1159 830 1232 constare,
852 1171 935 1238 quaa
957 1151 991 1216 in
1014 1171 1054 1216 ea
1069 1152 1188 1237 scripta

406 1252 525 1319 fuerint
546 1253 626 1342 (30).

136 1351 209 1439 ΒΒ)
230 1411 233 1417 .
253 1375 503 1426 ΠΑΡΑΔΕῙΓΜΑ
520 1372 731 1444 (rxnurnvn)
754 1354 920 1442 (31-34).

355 1460 388 1548 1)
411 1459 566 1526 Aristocli
586 1459 683 1527 fidem
705 1457 890 1524 habendam
912 1479 975 1523 non
998 1480 1081 1541 asae,
1111 1460 1188 1545 quia

408 1584 451 1628 ex
472 1563 586 1629 eadem
604 1562 768 1651 pactione,
791 1583 888 1648 quam
908 1561 1094 1643 delenierat,
1117 1584 1187 1628 sen·

404 1669 538 1733 tentiam
560 1667 708 1750 edixerit,
730 1666 828 1754 idque
849 1667 918 1730 aine
940 1665 1088 1750 collegia,
1115 1687 1188 1730 cum

401 1769 586 1839 Parmenou
597 1771 693 1835 uniua
709 1791 744 1835 aa
760 1768 873 1835 arbitri
886 1770 1069 1854 cognitione
1085 1771 1188 1836 teneri

402 1875 589 1958 negauiaaet
610 1873 688 1960 (31).

346 1975 381 2060 2)
402 1997 500 2062 quam
530 1975 572 2042 ob
601 1997 752 2040 cauatam
773 1975 1041 2060 Parmenontem,
1069 1977 1097 2042 ai
1119 1977 1188 2042 eiua

400 2100 487 2144 nuno
515 2100 633 2144 caussa
663 2087 827 2163 ageretur,
854 2079 1090 2146 absoluendum
1117 2102 1189 2146 eoae
1242 2107 1243 2111 ¹

400 2183 466 2267 (32.
489 2184 531 2248 33
541 2183 588 2268 a),
619 2182 810 2270 praesertim
836 2203 912 2248 cum
940 2182 1083 2250 familiae
1103 2184 1192 2250 calae

399 2287 512 2351 mitate
524 2285 654 2351 domum
672 2285 834 2352 abductus
850 2293 936 2351 esset
957 2285 1013 2374 (33
1021 2285 1066 2373 b),
1088 2308 1188 2373 quam

400 2386 530 2474 quidem
564 2411 633 2454 rem
670 2390 772 2455 solam
806 2390 927 2455 iustum
966 2390 1187 2457 aduerrarium

398 2499 629 2557 commoturum
651 2490 768 2573 fuisse,
798 2501 834 2565 ut
856 2492 1025 2558 arbitrium
1045 2493 1080 2557 in
1102 2491 1186 2557 illius

374 2593 534 2672 „reditum
556 2592 699 2660 differret
722 2594 779 2680 (34
787 2596 831 2679 a).

344 2698 379 2783 3)
394 2705 515 2783 quanto
537 2696 636 2781 igitur
657 2697 762 2782 magia
785 2707 926 2768 actorem
951 2697 1187 2764 absoluendum
1279 2733 1281 2739 ν

393 2822 481 2881 ease,
513 2802 566 2865 oui
602 2800 726 2867 nullum
762 2801 804 2866 ¹sit
837 2823 911 2866 cum
942 2802 1102 2889 Apaturio
1130 2821 1185 2865 na·

95 2986 102 2997 ,
393 2903 517 2988 gotium
540 2905 597 2989 (34
607 2904 654 2989 b).

103 2989 152 3071 1·
194 3025 422 3078 ΜΕΤΑΒΑΣΙΣ
437 3024 639 3096 (ranuslrro)
668 3031 689 3075 a
713 3008 955 3075 confirmatione
985 3006 1028 3072 ad
1065 3007 1186 3074 refuta-

95 3115 213 3181 Onem
231 3109 400 3178 aduersari
421 3109 547 3198 (abab).

301 3221 414 3280 contra
442 3213 531 3299 leges
565 3213 607 3280 ab
636 3212 796 3300 Apaturio
826 3223 969 3281 actorem
998 3223 1185 3281 accusatum

301 3339 372 3393 ease
398 3315 653 3390 demonstratum
682 3338 762 3383 esse.
807 3318 865 3382 aad
886 3318 1082 3404 Apaturium
1110 3339 1185 3405 ayn-

300 3419 460 3507 grapham
481 3420 544 3489 sibi
564 3442 635 3488 ease
657 3422 765 3488 dicere
786 3443 851 3487 non
873 3442 1035 3486 ausurum.

95 3503 179 3689 5138
190 3543 246 3592 ra
263 3544 368 3595 uror
383 3545 594 3597 anarrinon
606 3527 675 3593 siue
700 3545 824 3597 Arna
856 3543 1071 3612 (aurvrurro)
1101 3524 1186 3611 (350

95 3645 130 3660 “
183 3627 224 3710 a).

267 3732 300 3817 1)
322 3732 350 3797 ai
365 3731 545 3820 Apaturius
566 3741 708 3799 actorem
729 3735 764 3799 in
787 3733 937 3820 pactione
959 3753 1033 3799 cum
1053 3730 1185 3801 Parme·

320 3845 418 3902 nonta
433 3826 579 3903 confecta
593 3835 747 3923 praedem
761 3837 884 3902 dictum
899 3856 970 3901 ease
993 3833 1090 3917 dicat,
1111 3855 1187 3920 pro·

320 3937 489 4005 ferendum
515 3961 586 4005 ease
613 3940 712 4005 iatum
739 3939 888 4007 libellum.
939 3939 969 4003 ei
998 3938 1099 4019 enim,
1129 3939 1185 4023 qui

321 4042 541 4130 syngrapham
556 4043 684 4128 delerit,
710 4043 807 4121 fidem
828 4040 1011 4109 habandam
1033 4063 1185 4109 nonense

265 4249 303 4338 2)
318 4144 539 4321 ἓῗῖῗίεὸὶξέθε
561 4270 620 4340 pro
635 4248 818 4317 testimonio
842 4246 928 4313 dicat
950 4256 1092 4317 actorem
1105 4247 1184 4319 Par.
