2700 4658
513 222 703 288 ..3.„

60 404 168 459 autem
190 394 334 460 eiusdem
356 415 439 480 quae
461 394 558 460 fuerit
584 393 769 479 ambigitur.
814 395 979 461 Arnoldus
1003 393 1156 460 Sohaefer

59 496 79 560 l.
112 496 150 560 el.
175 496 368 584 inquilinum
391 497 575 584 (μέτοικον)
600 495 832 562 Atheniensem
863 521 936 562 eum
961 497 1061 563 fuisse
1082 519 1155 585 pro·

59 599 223 663 nuntiauit
244 600 340 664 nullis
363 600 482 664 additis
510 602 725 683 argumentis,
760 623 844 686 quae
872 611 981 666 tamen
1001 600 1077 666 addi
1099 624 1155 666 ne·

58 724 150 766 cesse
176 702 253 783 fuit,
285 704 363 790 quia
394 701 482 767 nullo
513 704 667 768 orationis
696 702 766 767 loeo
799 704 989 790 inquilinum
1021 727 1055 769 se
1084 726 1156 769 esse

60 803 199 869 dilucide
228 814 319 893 actor
349 806 525 892 profitetur.
585 806 662 893 quid
692 808 792 892 igitur
823 809 940 872 mirum
968 807 1119 872 Darestio
1127 808 1155 893 ²)

58 907 145 972 hane
182 907 349 974 Sohaeferi
386 909 579 974 sententiam
615 910 762 974 ueritatis
802 910 1010 975 fundamento
1045 932 1155 976 carere

59 1011 165 1076 uisam
181 1010 275 1076 esse?
297 1034 358 1077 nee
372 1012 519 1078 Blassius
537 1010 625 1076 litem
641 1012 784 1077 diremit:
807 1013 861 1077 hio
875 1015 961 1078 enim
975 1015 1027 1078 uir
1041 1014 1154 1079 doetus

58 1114 221 1199 ambiguis
236 1115 345 1181 uerbis
366 1138 445 1181 usus
462 1115 697 1200 negotiatorem
712 1109 943 1181 Atheniensem
959 1140 1032 1181 eum
1055 1118 1154 1182 fuisse
1249 1173 1254 1183 .

60 1216 154 1296 dioit,
186 1225 223 1281 ut
252 1218 323 1303 ipse
355 1218 555 1285 dubitauisse
587 1220 752 1299 uideatur,
785 1219 849 1283 utri
878 1220 986 1305 potius
1008 1221 1153 1286 uirorum

58 1320 186 1385 illorum
210 1321 376 1388 doctorum
397 1321 478 1386 fides
501 1320 652 1387 habenda
675 1331 767 1390 esset.
811 1344 988 1409 quaecum
1016 1325 1062 1389 ita
1085 1324 1156 1405 sint,

60 1424 167 1489 denuo
188 1447 241 1490 res
257 1424 371 1489 eadem
392 1423 472 1489 mihi
484 1425 721 1492 consideranda
741 1425 869 1490 uidetur
884 1448 964 1492 esse.
1000 1425 1156 1516 Sohaefer

60 1526 201 1613 quidem,
224 1535 260 1592 ut
282 1527 472 1614 inquilinum
498 1551 568 1593 esse
590 1537 733 1594 actorem
755 1529 894 1608 diceret,
914 1531 950 1593 in
974 1529 1086 1615 primis
1108 1532 1156 1595 ins

59 1628 173 1715 pulsus
202 1652 274 1695 esse
302 1629 431 1696 uidetur
468 1633 623 1698 orationis
653 1631 850 1721 paragraphi
885 1633 1017 1719 quintae
1047 1631 1156 1698 uerbis

60 1733 166 1798 hisee:
189 1729 322 1808 τούτοις
336 1733 372 1797 δὲ
393 1739 463 1809 τοῖς
479 1734 678 1814 Βυζαντίοις
701 1737 758 1802 καὶ
776 1731 869 1802 πάνυ
884 1738 1007 1810 οἰκείως
1026 1734 1158 1821 χρῶμαι

60 1829 181 1902 διὰτὸ
205 1837 420 1923 ἐνδιατρῖψαι
446 1833 590 1921 αὐτόθι,
623 1862 664 1904 ex
695 1839 810 1928 quibus
833 1838 943 1903 uerbis
965 1838 1028 1903 hoo
1054 1838 1159 1903 elueet

60 1949 205 2005 actorem
227 1938 399 2025 aliquando
415 1938 558 2024 Byzanti
580 1951 813 2007 commoratum
829 1964 909 2007 esse.
954 1962 1014 2005 neo
1035 1961 1159 2027 paucos

61 2064 136 2108 eum
151 2043 221 2108 dies
236 2041 486 2106 existimandum
501 2053 551 2108 est
572 2044 677 2127 inilia
696 2046 778 2110 urbe
792 2053 957 2110 uersatum
980 2064 1060 2122 esse,
1083 2043 1160 2107 dum

61 2168 186 2211 meroes
201 2147 408 2211 mutauisset:
430 2167 506 2210 nam
521 2140 563 2212 τὰ
579 2148 792 2237 ἐνδιατρῖψαι
807 2147 885 2213 illud
902 2145 951 2231 τῷ
973 2139 1161 2232 πολλαχόσε

62 2246 218 2336 ἀφῖχθαι
242 2248 328 2335 quod
358 2258 433 2315 ante
464 2250 619 2337 seriptum
641 2259 691 2316 est
711 2251 872 2339 particula
894 2250 930 2316 dt
959 2249 1001 2315 ab
1033 2256 1161 2316 oratore

63 2354 248 2440 oppositum
279 2363 337 2423 est.
379 2375 492 2419 uerum
520 2374 715 2441 quamquam
740 2355 860 2420 diutius
891 2353 998 2419 aliena
1026 2353 1060 2417 in
1082 2349 1162 2416 urbe

64 2465 207 2520 actorem
230 2467 462 2522 commoratum
492 2479 563 2522 esse
588 2457 828 2522 eoncedendum
857 2466 925 2538 est,
958 2465 1068 2520 tamen
1096 2474 1162 2518 non

62 2560 129 2624 iam
150 2558 229 2623 illud
245 2559 603 2645 efficiturperegrinum
623 2583 696 2625 eum
711 2559 828 2625 fuisse:
850 2581 927 2624 nam
949 2557 1028 2644 quid
1044 2555 1161 2638 obstat,

64 2684 129 2749 quo
158 2663 265 2727 minus
287 2663 399 2728 eiuem
427 2662 659 2728 Atheniensem
688 2661 876 2749 negotiandi
905 2664 1012 2748 gratia
1042 2655 1162 2725 diutius

64 2765 210 2852 Byzanti
231 2766 333 2832 fuisse
355 2765 567 2832 censeamus?
600 2788 705 2852 neque
729 2768 813 2832 enim
839 2767 933 2832 sicuti
956 2766 1093 2851 Spartae
1115 2764 1161 2828 ita

66 2869 206 2935 Athenis
228 2867 317 2955 leges
336 2869 566 2957 prohibebant,
599 2891 663 2957 quo
685 2871 792 2935 minus
815 2870 902 2935 ciues
924 2880 1016 2934 extra
1037 2868 1163 2948 patriae

65 2973 148 3038 fines
168 2972 366 3059 aliquamdiu
389 2975 491 3038 uitam
515 2973 677 3060 degerent.
690 2977 715 3053 ²)
760 2974 836 3059 quid
852 2972 938 3061 quod
953 2972 1163 3049 Leoeratesl)

64 3076 129 3158 ille,
153 3077 210 3162 qui
224 3076 472 3142 Atheniensium
489 3077 530 3141 ad
547 3076 772 3142 Chaeroneam
793 3076 884 3142 olade
906 3075 1017 3141 audita
1032 3081 1164 3161 propter

67 3181 218 3243 timorem
238 3177 321 3244 olam
336 3179 449 3245 urbem
464 3178 647 3266 reliquerat,
669 3180 716 3244 ita
731 3202 765 3244 se
788 3202 808 3244 a
823 3178 975 3264 Lycurgo
992 3175 1165 3242 defendere

67 3283 238 3367 cogitauit,
259 3291 296 3348 ut
320 3281 509 3368 negotiandi
532 3304 648 3348 caussa
671 3305 707 3347 se
726 3283 846 3347 diutius
868 3304 966 3368 quam
988 3281 1165 3368 quinquen·

68 3387 159 3451 nium
182 3409 203 3450 a
225 3386 333 3472 patria
359 3384 504 3450 abfuisse
523 3385 667 3451 diceret?
689 3407 748 3451 neo
762 3385 934 3471 Lyeurgus
956 3383 1054 3471 plane
1067 3387 1167 3466 negat

70 3489 268 3572 negotiatori
290 3488 483 3554 Atheniensi
505 3487 704 3576 aliquamdiu
727 3499 819 3554 extra
847 3488 973 3576 patriae
994 3487 1074 3551 fines
1096 3505 1167 3549 uer·

71 3594 138 3664 sari
158 3592 274 3675 licere,
301 3592 357 3658 sed
379 3592 442 3657 hoo
462 3613 518 3656 reo
541 3591 730 3678 exprobrat,
760 3590 846 3678 quod
875 3590 959 3655 elam
979 3589 1080 3672 fugit,
1107 3586 1169 3651 hoe

70 3693 295 3783 reprehendit,
328 3696 413 3784 quod
436 3697 573 3760 amicam
595 3704 627 3760 et
648 3695 787 3760 famulas
810 3716 918 3760 seeum
946 3690 1074 3774 eduxit,
1107 3689 1170 3754 hoe

144 3889 170 3955 1)
189 3903 256 3958 pag.
275 3883 344 3940 199:
370 3884 405 3939 A.
424 3882 560 3938 Sehaefer
584 3882 658 3939 croit
680 3896 735 3950 que
757 3880 890 3935 l’orateur
915 3884 958 3932 est
978 3894 1017 3931 un
1036 3875 1170 3946 etranger

72 3989 181 4029 oomme
192 3970 352 4026 Parmenon
370 3975 399 4025 et
413 3970 603 4042 Apatourioa:
625 3967 696 4027 maia
715 3972 787 4022 cette
805 3966 968 4021 eonieoture
985 3979 1057 4017 nous
1075 3957 1171 4034 parsit

73 4059 184 4115 derude
203 4059 238 4113 de
256 4059 428 4114 fondement.
835 4079 839 4085 ·
1137 4067 1144 4080 ·

143 4148 171 4215 2)
189 4146 223 4200 ef.
242 4145 400 4199 Hermanui
419 4143 525 4215 antiqq.
543 4143 592 4197 III.
612 4142 632 4216 ξ
650 4144 693 4198 52.
712 4147 769 4196 not.
790 4143 814 4196 2.

144 4234 173 4306 3)
192 4231 228 4290 oi.
247 4232 376 4306 Lycurgi
395 4247 435 4287 or.
453 4237 553 4287 oontm
572 4231 669 4286 Leoer.
689 4232 723 4286 55
742 4245 766 4283 e.
786 4244 812 4299 q.
831 4245 853 4280 s.
925 4310 963 4368 1*
