2700 4658
557 280 771 346 ..35-

118 451 217 534 igitur
233 450 397 532 Schacfer,
412 452 504 516 cuius
519 472 549 519 u.
566 451 596 518 d.
607 454 868 541 conputationem
881 453 1052 537 Darestius
1062 474 1137 539 pag.
1151 448 1213 517 199

117 554 255 640 repetiit,
278 554 457 619 orationem
471 553 651 618 Alexandri
667 553 883 620 Macedonum
904 557 991 640 regis
1013 556 1212 643 temporibus

117 653 263 722 habitam
286 677 356 721 esse
378 655 469 738 dixit,
491 665 664 744 propterea
686 656 772 743 quod
792 668 976 724 mercatura
997 671 1031 725 et
1045 661 1212 743 nauigatio

118 767 187 822 tum
215 758 322 844 ipsum
350 759 535 825 floruissent
562 768 594 825 et
623 760 699 845 quia
720 760 759 828 cl.
781 762 809 846 ὅ.
832 762 861 825 5.
883 762 949 826 iam
971 760 1088 826 multos
1110 783 1214 828 annos

118 862 262 926 amicitia
294 872 326 927 et
354 863 581 927 commercium
611 867 694 927 inter
723 861 905 948 Byzantios
935 874 968 928 et
996 863 1213 930 Athenienses

117 962 216 1028 fuisse
238 975 433 1032 narraretur.
478 985 615 1050 quorum
637 965 767 1052 quidem
787 975 1050 1050 argumentorum
1065 966 1212 1050 alterum,

118 1086 315 1152 quamquam
329 1067 490 1133 nobismet
511 1067 748 1152 neglegendum
771 1090 836 1133 non
859 1078 916 1151 est,
933 1078 1043 1134 mmcn
1057 1093 1078 1134 a
1093 1069 1214 1135 Sohae-

118 1167 200 1251 lero‚
241 1171 360 1258 quippe
393 1172 449 1257 qui
484 1171 675 1258 inquilinum
705 1170 938 1238 Atheniensem
970 1194 1041 1238 esse
1072 1181 1215 1238 actorem

119 1271 224 1353 uellet,
239 1273 347 1338 afferri
361 1297 427 1341 non
441 1276 559 1362 potuit
594 1274 713 1339 etenim
729 1274 783 1340 fac
796 1276 1002 1360 peregrinum
1017 1297 1090 1339 cum
1105 1275 1215 1354 fuisse,

120 1385 155 1440 ut
175 1397 243 1441 non
264 1376 343 1441 tuit:
364 1400 442 1444 num
457 1399 590 1443 neeesse
604 1388 656 1443 est
668 1377 805 1444 Athenis
820 1398 894 1441 eum
907 1398 974 1442 non
988 1377 1084 1444 modo
1101 1386 1214 1443 natum

119 1499 189 1543 esse
211 1478 269 1544 sed
292 1502 418 1567 semper
439 1481 663 1549 habitauissc?
706 1501 813 1546 nonne
835 1490 1052 1565 anteaquam
1066 1480 1215 1547 Athenas

121 1603 154 1647 se
173 1581 372 1664 contulisset,
393 1583 456 1650 alio
478 1586 513 1650 in
535 1584 654 1671 oppido
676 1584 867 1650 commorari
881 1584 989 1671 potnit
1003 1592 1100 1669 atquc
1115 1584 1214 1649 ctiam

119 1697 203 1769 tum,
233 1707 307 1751 eum
333 1708 479 1752 summae
501 1699 609 1753 essent
629 1687 816 1752 inimicitiae
837 1689 922 1752 inter
942 1685 1159 1753 Athenienses
1182 1695 1215 1752 et

120 1787 313 1875 Byzantios,
342 1798 452 1854 tamen
480 1789 624 1877 Byzanti
652 1789 802 1855 uersari?
837 1800 872 1856 at
900 1811 978 1856 uero
1005 1811 1074 1870 nos,
1097 1790 1215 1877 quibus

120 1890 312 1977 inquilinum
335 1892 437 1960 fuisse
451 1904 594 1960 actorem
608 1914 675 1959 non
690 1902 740 1957 cst
752 1891 934 1978 probatum,
955 1880 1037 1958 haec
1050 1895 1217 1959 mittamus

120 2015 251 2060 necesse
273 2003 331 2060 est.
375 1995 475 2062 nihilo
496 2004 607 2062 tamen
629 1996 729 2061 setius
744 1993 872 2060 Blaesio
895 1994 1139 2060 assentiundum
1159 2005 1217 2077 est,

120 2097 174 2183 qui
204 2118 235 2164 u.
260 2096 292 2162 d
315 2096 481 2164 Schaeferi
504 2100 767 2185 conputationem
789 2097 940 2164 omnibus
961 2099 1103 2163 numeris
1125 2097 1217 2164 abso-

118 2198 219 2266 lutam
240 2222 313 2266 esse
335 2210 443 2286 negat.
488 2203 607 2270 etenim
620 2224 716 2289 posse
734 2201 877 2287 aliquam
890 2200 1031 2267 inueniri
1045 2203 1216 2284 rationem,

120 2303 296 2368 secundum
319 2325 417 2390 quam
439 2306 543 2373 oratio
565 2314 641 2372 ante
662 2303 700 2369 id
717 2304 803 2391 quod
820 2303 976 2372 Schaefer
990 2305 1116 2370 inuenit
1137 2315 1216 2370 tcm-

119 2429 179 2493 pus
201 2405 315 2473 habita
337 2430 408 2475 esse
429 2410 541 2495 possit,
564 2407 712 2494 equidem
733 2428 925 2493 persuasum
946 2407 1060 2474 haheo.

202 2533 362 2599 ponamus
383 2521 490 2577 autem
514 2512 574 2578 sub
589 2511 686 2575 finem
702 2510 835 2574 aestatis
850 2511 927 2574 anni
941 2512 1001 2576 341
1019 2509 1215 2574 Heraclidae

119 2616 338 2699 argentariam
360 2613 550 2680 dissolutam
571 2635 650 2678 esse.
694 2613 741 2677 ita
762 2612 916 2698 seqnitur,
937 2622 974 2677 ut
988 2612 1092 2678 oratio
1107 2611 1212 2678 hicme
1321 2681 1323 2684 Α

115 2718 196 2783 anni
217 2718 280 2786 339
302 2715 416 2785 habita
438 2717 480 2782 sit
491 2717 524 2805 ¹),
546 2739 617 2806 quo
632 2715 762 2802 quidem
784 2737 869 2782 anno
884 2724 971 2780 certe
985 2715 1213 2803 Pyanepsione

112 2820 390 2888 Maemaoterione
404 2821 585 2889 Posideonc
598 2819 765 2886 mensibus
775 2823 802 2907 ²)
817 2819 1065 2885 Atheniensium
1079 2840 1132 2886 res
1146 2841 1213 2884 non

109 2924 183 2989 iam
193 2906 253 2988 'ita
273 2925 481 3009 perturbatae
499 2936 601 2997 erant,
622 2933 659 2988 ut
672 2922 793 2988 iudicia
806 2921 1000 2988 mercatoria
1015 2944 1081 2988 non
1095 2933 1215 2987 essem.

108 3029 182 3093 iam
212 3049 290 3093 uero
313 3049 387 3093 cum
410 3037 534 3093 aestate
556 3026 633 3092 anni
655 3028 716 3092 341
740 3023 920 3111 Byzantios
942 3045 1016 3088 cum
1037 3025 1213 3090 Athenien·

108 3130 209 3196 sibus
224 3129 338 3195 foedus
352 3130 448 3197 icisse
468 3129 636 3217 consum),
651 3128 740 3193 nulla
753 3149 789 3194 re
804 3125 1012 3214 prohibemur
1026 3149 1090 3214 quo
1106 3130 1213 3195 minns
1312 3215 1313 3218 Ἴ

107 3244 317 3298 mercatores
344 3233 536 3321 Byzantios,
571 3233 628 3320 qui
658 3239 733 3298 sunt
761 3230 942 3318 Apaturius
971 3239 1004 3294 et
1031 3229 1214 3313 Phocritus,

109 3335 233 3403 eodem
256 3357 340 3401 anno
362 3336 500 3403 Athenis
522 3345 668 3402 uersatus
690 3356 761 3401 esse
783 3333 1011 3400 existimemus.
1054 3354 1118 3398 nec
1137 3333 1215 3398 huic

107 3439 240 3505 rationi
260 3437 340 3504 illud
361 3438 478 3521 obstat,
506 3440 593 3527 qnod
614 3449 706 3505 actor
726 3436 844 3504 multos
865 3457 924 3522 per
946 3456 1049 3500 annos
1070 3433 1213 3520 Byzanti

108 3552 339 3608 commoratos
367 3565 439 3609 esse
469 3552 630 3610 narratur.
682 3542 799 3607 etenim
829 3540 858 3605 si
891 3562 976 3605 anno
1005 3537 1069 3604 339
1098 3560 1214 3604 caussa

109 3647 288 3712 diudicata
318 3654 383 3730 est,
413 3647 456 3712 ab
487 3669 572 3712 anno
602 3646 670 3711 fere
698 3645 762 3710 345
783 3641 941 3726 nauigare
963 3640 1094 3707 destitit.
1141 3651 1216 3727 post

107 3772 243 3817 annum
280 3757 389 3816 autem
417 3751 499 3833 355,
536 3771 599 3836 quo
634 3771 718 3816 anno
747 3745 964 3812 Athenienses
993 3743 1076 3811 bello
1104 3742 1216 3810 sociali

191 4026 219 4179 {l
235 4021 316 4184 ἓξὲξ.
329 4023 385 4162 2ῗὶ
402 4109 432 4161 δὲ
455 4105 545 4174 λήξειε
567 4112 628 4161 τῶν
651 4105 743 4161 δικῶν
766 4111 825 4163 τοῖς
842 4101 975 4177 ἐμπόροις
997 4104 1118 4171 ἔμμηνοί
1142 4102 1215 4156 εἰσιν

109 4192 181 4250 ἀπὸ
198 4202 248 4250 τοῦ
265 4193 480 4266 βοηδρομιῶνος
496 4198 576 4262 μέχρι
593 4199 644 4246 τοῦ
661 4194 860 4261 μουνυχιῶνος.

193 4283 220 4356 3)
239 4283 275 4339 of.
293 4281 414 4338 Arnoldi
433 4277 579 4338 Schaeferi
599 4278 634 4334 de
652 4277 845 4335 Demosthene
862 4276 919 4333 nol.
937 4275 973 4330 ll.
991 4291 1060 4346 pag.
1077 4277 1143 4330 Aah.
1158 4277 1228 4328 Aba.

974 4365 1016 4423 aa
