2700 4658
562 291 776 356 ..35-

121 461 221 544 igitur
237 459 402 542 Schaefer,
417 462 509 526 euius
524 482 554 528 u.
571 462 601 527 d.
612 464 873 550 conputationem
886 463 1057 548 Dercetius
1067 484 1142 549 pag.
1157 459 1218 528 199

119 564 259 649 repetiit,
283 563 462 629 orationem
476 563 656 629 Alexandri
672 563 887 630 Macedonum
909 567 996 650 regis
1018 566 1217 653 temporibus

119 663 267 731 habitam
290 687 361 731 esse
383 665 474 748 dixit,
496 675 669 754 propterea
690 665 776 752 quod
797 678 981 733 mercatura
1003 681 1036 735 et
1050 671 1217 754 nauigatio
1325 741 1328 745 ,

120 778 190 832 tum
218 769 327 854 ipsum
355 769 539 836 floruissent
566 777 599 834 et
627 770 704 855 quia
725 770 764 838 cl.
787 771 814 856 5.
836 771 866 835 5.
888 773 954 836 iam
976 771 1093 836 multos
1115 792 1219 838 annos

120 872 266 936 amicitia
298 882 330 936 et
359 873 586 937 commercium
615 877 699 936 inter
728 871 909 958 Byzantios
940 884 973 939 et
1001 873 1218 940 Athenienses

119 973 221 1039 fuisse
242 984 438 1041 narraretur.
482 996 619 1060 quorum
641 973 772 1062 quidem
791 986 1055 1060 argumentorum
1070 977 1216 1060 alterum,

120 1096 319 1162 quamquam
333 1076 494 1143 nobismet
515 1076 754 1163 neglegendum
776 1099 841 1142 non
863 1086 921 1160 est,
938 1088 1082 1145 tamena
1098 1079 1218 1145 Sohae-

119 1177 205 1260 fero‚
245 1181 364 1268 quippe
399 1182 454 1266 qui
489 1181 680 1267 inquilinum
710 1180 943 1247 Atheniensem
975 1204 1046 1247 esse
1077 1190 1219 1248 actorem

120 1281 229 1362 uellet,
244 1283 352 1348 afferri
366 1306 432 1350 non
446 1285 563 1371 potuit,
599 1284 717 1349 etenim
733 1284 787 1350 fac
800 1286 1007 1370 peregrinum
1023 1306 1096 1349 eum
1110 1285 1220 1364 fuisse,

121 1394 158 1450 ut
179 1406 248 1451 non
269 1385 347 1451 fuit:
369 1409 447 1453 num
461 1409 594 1453 necesse
609 1398 659 1453 est
672 1387 809 1453 Athenis
825 1408 899 1451 eum
912 1409 979 1452 non
993 1387 1089 1453 modo
1105 1395 1219 1452 natum

120 1509 193 1553 esse
215 1488 274 1553 sed
297 1512 422 1577 semper
444 1489 668 1559 habitauisse?
711 1511 818 1556 nonne
840 1499 937 1555 antea
959 1510 1056 1575 quam
1071 1490 1219 1557 Athenas

122 1614 158 1657 se
177 1591 377 1674 contulisset,
397 1592 460 1659 alio
482 1595 518 1660 in
540 1594 659 1681 oppido
681 1594 872 1659 commorari
887 1594 993 1680 potuit
1008 1603 1105 1679 atque
1120 1595 1219 1659 etiam

121 1706 208 1779 tum,
238 1717 313 1760 eum
338 1718 483 1761 summae
505 1708 614 1763 essent
634 1697 821 1763 inimicitiae
842 1698 926 1762 inter
947 1695 1164 1762 Athenienses
1186 1705 1220 1761 et

121 1797 318 1884 Byzantios,
347 1806 457 1864 tamen
485 1798 628 1886 Byzanti
657 1799 807 1865 uersari?
842 1811 876 1865 at
905 1821 983 1866 uero
1010 1821 1079 1880 nos,
1101 1799 1220 1886 quibus

121 1900 317 1987 inquilinum
340 1902 442 1969 fuisse
456 1913 599 1969 actorem
613 1925 679 1969 non
694 1911 744 1967 est
757 1901 938 1988 probatum,
960 1902 1041 1968 haec
1055 1904 1221 1968 mittamus

121 2025 256 2070 necesse
278 2012 336 2070 est.
379 2005 479 2071 nihilo
501 2015 612 2071 tamen
633 2006 734 2070 setius
748 2003 877 2069 Blassio
900 2005 1144 2070 assentiundum
1163 2015 1222 2086 est,

122 2107 178 2192 qui
209 2127 241 2173 u.
266 2105 297 2172 d
319 2105 485 2173 Sohaeferi
509 2109 771 2194 conputationem
794 2107 944 2173 omnibus
966 2109 1107 2172 numeris
1129 2107 1222 2174 abso·

120 2207 224 2275 lutam
246 2231 318 2276 esse
340 2221 447 2295 negat.
493 2213 612 2279 etenim
625 2233 721 2298 posse
739 2210 881 2297 aliquam
895 2211 1036 2277 inueniri
1050 2212 1221 2293 rationem,

122 2312 301 2378 secundum
324 2335 422 2400 quam
444 2316 548 2383 oratio
570 2325 646 2381 ante
667 2313 703 2378 id
722 2314 809 2401 quod
825 2313 981 2381 Sohaefer
994 2315 1120 2381 inuenit
1141 2325 1220 2379 tem-

120 2439 184 2503 pus
206 2416 320 2482 habita
341 2439 413 2484 esse
434 2419 545 2505 possit,
568 2417 717 2504 equidem
738 2437 929 2503 persuasum
950 2416 1065 2484 habeo.

208 2542 367 2606 ponamus
389 2529 495 2585 autem
519 2520 579 2586 sub
594 2521 691 2585 finem
706 2520 840 2584 aestatis
854 2521 932 2584 anni
946 2521 1007 2585 341
1024 2519 1219 2585 Heraclidae

121 2624 343 2708 argentariam
365 2622 554 2690 dissolutam
576 2643 655 2688 esse.
697 2622 745 2688 ita
767 2622 920 2707 sequitur,
942 2631 979 2686 ut
993 2622 1096 2687 oratio
1112 2621 1217 2688 hieme
1326 2691 1327 2694 ,

121 2726 200 2793 anui
221 2727 285 2795 339
307 2725 421 2793 habita
443 2727 485 2791 sit
496 2726 529 2814 ¹),
551 2747 622 2815 quo
637 2725 767 2812 quidem
788 2747 874 2791 anno
889 2733 976 2790 certe
990 2725 1218 2813 Pyanepsione

120 2831 395 2896 Maemacterione
408 2830 590 2897 Posideone
603 2829 769 2895 mensibus
780 2833 807 2916 θ)
821 2828 1070 2894 Atheniensium
1083 2850 1137 2895 res
1151 2851 1217 2894 non

120 2934 187 2998 iam
198 2915 258 2997 'ita
278 2933 486 3018 perturbatae
504 2945 605 3006 erant.
627 2942 664 2997 ut
677 2932 797 2998 iudicia
811 2931 1005 2998 mercatoria
1019 2951 1085 2998 non
1100 2943 1220 2998 essent.

120 3038 186 3102 iam
216 3059 295 3102 uero
317 3057 392 3101 oum
414 3044 538 3101 aestate
560 3035 638 3102 anni
659 3037 720 3103 341
745 3033 924 3120 Byzantios
947 3056 1020 3099 cum
1042 3035 1217 3100 Athenien·

120 3139 214 3204 sibus
228 3136 343 3203 foedus
356 3139 453 3206 icisse
473 3148 598 3205 constet
605 3139 641 3226 ⁸),
655 3137 745 3203 nulla
758 3161 794 3203 re
809 3134 1017 3224 prohibemur
1032 3159 1095 3224 quo
1111 3140 1218 3204 minus

121 3252 322 3307 mercatores
349 3242 540 3328 Byzantios,
577 3243 633 3329 qui
662 3250 738 3306 sunt
766 3240 946 3328 Apaturius
976 3250 1009 3305 et
1036 3239 1218 3323 Phooritus‚

122 3344 237 3411 eodem
260 3366 345 3410 anno
366 3345 505 3412 Athenis
527 3355 673 3412 uersatus
695 3365 766 3411 esse
787 3343 1016 3410 existimemus.
1059 3364 1121 3408 nec
1142 3341 1219 3408 huic

120 3447 244 3515 rationi
264 3447 345 3513 illud
365 3448 482 3531 obstat,
511 3450 598 3536 quod
619 3458 710 3514 actor
731 3445 849 3513 multos
870 3467 929 3532 per
951 3467 1053 3510 annos
1075 3443 1218 3530 Byzanti

122 3547 343 3618 commoratus
371 3574 443 3618 esse
474 3562 635 3620 narratur.
686 3551 804 3616 etenim
834 3550 863 3614 si
895 3571 980 3614 anno
1010 3548 1073 3614 339
1103 3570 1219 3613 caussa

124 3655 292 3722 diudicata
323 3663 389 3739 est,
419 3656 460 3722 ab
492 3678 577 3722 anno
606 3656 675 3721 fere
702 3654 767 3720 345
788 3650 946 3736 nauigare
968 3651 1098 3717 destitit.
1145 3661 1221 3738 post

122 3783 247 3827 annum
285 3767 394 3825 autem
422 3761 504 3842 355,
541 3781 604 3845 quo
638 3779 723 3823 anno
752 3753 968 3822 Athenienses
997 3753 1081 3820 bello
1109 3752 1220 3819 sociali

194 4036 223 4188 dl
240 4031 390 4194 {2322
407 4117 437 4170 dd
460 4115 549 4184 λήξεις
571 4121 633 4171 τῶν
656 4115 747 4170 δικῶν
770 4121 830 4173 τοῖς
847 4110 980 4187 ἐμπόροις
1001 4115 1123 4182 ἔμμηνοί
1147 4112 1219 4167 εἰσιν

122 4207 182 4263 ἀπὸ
202 4211 253 4259 τοῦ
271 4202 485 4275 βοηδρομιῶνος
501 4208 581 4272 μέχρι
598 4209 648 4256 τοῦ
666 4204 865 4271 μουνυχιῶνός.

195 4293 224 4365 3)
243 4291 280 4348 of.
299 4291 419 4347 Arnoldi
437 4288 584 4347 Schseferi
603 4288 639 4343 de
657 4287 849 4344 Demosthene
867 4286 924 4343 nol.
941 4285 977 4340 ll.
996 4302 1062 4358 pag.
1081 4287 1141 4342 tto.
1158 4288 1220 4344 465.

971 4375 1013 4433 *b*
