<?xml version="1.0" encoding="UTF-8"?>
<!DOCTYPE html PUBLIC "-//W3C//DTD XHTML 1.0 Transitional//EN"
    "http://www.w3.org/TR/xhtml1/DTD/xhtml1-transitional.dtd">
<html xmlns="http://www.w3.org/1999/xhtml" xml:lang="en" lang="en">
 <head>
  <title>
</title>
<meta http-equiv="Content-Type" content="text/html;charset=utf-8" />
  <meta name='ocr-system' content='tesseract 3.04.00' />
  <meta name='ocr-capabilities' content='ocr_page ocr_carea ocr_par ocr_line ocrx_word'/>
</head>
<body>
  <div class='ocr_page' id='page_1' title='image "./prolegomenonind00schugoog_0091.png"; bbox 0 0 2700 4658; ppageno 0'>
   <div class='ocr_carea' id='block_1_1' title="bbox 562 265 776 330">
    <p class='ocr_par' dir='ltr' id='par_1_1' title="bbox 562 265 776 330">
     <span class='ocr_line' id='line_1_1' title="bbox 562 265 776 330; baseline 0 -14"><span class='ocrx_word' id='word_1_1' title='bbox 562 265 776 330; x_wconf 73' lang='lat'><strong><em>,54-</em></strong></span> 
     </span>
    </p>
   </div>
   <div class='ocr_carea' id='block_1_2' title="bbox 120 430 1220 4338">
    <p class='ocr_par' dir='ltr' id='par_1_2' title="bbox 120 430 1220 1641">
     <span class='ocr_line' id='line_1_2' title="bbox 123 430 1213 527; baseline -0.006 -21"><span class='ocrx_word' id='word_1_2' title='bbox 123 439 180 507; x_wconf 90' lang='lat' dir='ltr'><strong><em>nbi</em></strong></span> <span class='ocrx_word' id='word_1_3' title='bbox 193 440 289 506; x_wconf 84' lang='grc' dir='ltr'><strong><em>τουτί</em></strong></span> <span class='ocrx_word' id='word_1_4' title='bbox 301 459 477 527; x_wconf 81' lang='lat' dir='ltr'>pronomen</span> <span class='ocrx_word' id='word_1_5' title='bbox 491 439 646 502; x_wconf 76' lang='lat' dir='ltr'><strong>omismm</strong></span> <span class='ocrx_word' id='word_1_6' title='bbox 661 438 719 503; x_wconf 88' lang='lat' dir='ltr'><strong>sit:</strong></span> <span class='ocrx_word' id='word_1_7' title='bbox 735 437 795 502; x_wconf 72' lang='lat'><strong><em>111,</em></strong></span> <span class='ocrx_word' id='word_1_8' title='bbox 810 439 833 502; x_wconf 86' lang='lat'>4</span> <span class='ocrx_word' id='word_1_9' title='bbox 853 438 1004 518; x_wconf 86' lang='grc' dir='ltr'><strong><em>τρίτον</em></strong></span> <span class='ocrx_word' id='word_1_10' title='bbox 1025 430 1047 514; x_wconf 82' lang='grc' dir='ltr'><em>ἢ</em></span> <span class='ocrx_word' id='word_1_11' title='bbox 1068 441 1213 519; x_wconf 86' lang='grc' dir='ltr'><strong><em>τέταρ-</em></strong></span> 
     </span>
     <span class='ocr_line' id='line_1_3' title="bbox 123 529 1217 628; baseline -0.008 -18"><span class='ocrx_word' id='word_1_12' title='bbox 123 566 198 610; x_wconf 85' lang='grc' dir='ltr'><strong><em>τον</em></strong></span> <span class='ocrx_word' id='word_1_13' title='bbox 217 546 313 617; x_wconf 76' lang='grc' dir='ltr'><strong><em>ἔτος</em></strong></span> <span class='ocrx_word' id='word_1_14' title='bbox 334 542 459 607; x_wconf 81' lang='grc' dir='ltr'><strong><em>τουτὶ</em></strong></span> <span class='ocrx_word' id='word_1_15' title='bbox 478 535 620 628; x_wconf 80' lang='grc' dir='ltr'><strong><em>Ἡραῖον</em></strong></span> <span class='ocrx_word' id='word_1_16' title='bbox 633 550 738 628; x_wconf 83' lang='grc' dir='ltr'><strong><em>τεῖχος</em></strong></span> <span class='ocrx_word' id='word_1_17' title='bbox 752 538 949 626; x_wconf 75' lang='grc' dir='ltr'><strong><em>πολιορκῶν,</em></strong></span> <span class='ocrx_word' id='word_1_18' title='bbox 968 538 1078 603; x_wconf 88' lang='lat' dir='ltr'>LIIII.</span> <span class='ocrx_word' id='word_1_19' title='bbox 1093 538 1115 602; x_wconf 88' lang='lat'><strong>3</strong></span> <span class='ocrx_word' id='word_1_20' title='bbox 1129 529 1217 618; x_wconf 77' lang='grc' dir='ltr'><strong><em>ἐξήλ</em></strong></span> 
     </span>
     <span class='ocr_line' id='line_1_4' title="bbox 123 641 1216 730; baseline -0.006 -18"><span class='ocrx_word' id='word_1_21' title='bbox 123 647 234 730; x_wconf 77' lang='grc' dir='ltr'><strong><em>θομεν</em></strong></span> <span class='ocrx_word' id='word_1_22' title='bbox 258 648 333 720; x_wconf 80' lang='grc' dir='ltr'><strong><em>ἔτος</em></strong></span> <span class='ocrx_word' id='word_1_23' title='bbox 355 646 451 709; x_wconf 80' lang='grc' dir='ltr'><strong><em>τουτὶ</em></strong></span> <span class='ocrx_word' id='word_1_24' title='bbox 473 646 600 728; x_wconf 89' lang='grc' dir='ltr'><strong><em>τρίτον,</em></strong></span> <span class='ocrx_word' id='word_1_25' title='bbox 630 643 723 709; x_wconf 89' lang='lat' dir='ltr'>VIII.</span> <span class='ocrx_word' id='word_1_26' title='bbox 745 646 767 710; x_wconf 99' lang='grc'>2</span> <span class='ocrx_word' id='word_1_27' title='bbox 788 643 849 718; x_wconf 65' lang='grc' dir='ltr'><strong><em>τίς</em></strong></span> <span class='ocrx_word' id='word_1_28' title='bbox 869 645 1046 728; x_wconf 77' lang='grc' dir='ltr'><strong><em>στρατείας</em></strong></span> <span class='ocrx_word' id='word_1_29' title='bbox 1068 643 1113 721; x_wconf 85' lang='grc' dir='ltr'><strong><em>ἢν</em></strong></span> <span class='ocrx_word' id='word_1_30' title='bbox 1133 641 1216 706; x_wconf 67' lang='lat' dir='ltr'><strong>troit-</strong></span> 
     </span>
     <span class='ocr_line' id='line_1_5' title="bbox 123 738 1218 831; baseline -0.004 -16"><span class='ocrx_word' id='word_1_31' title='bbox 123 770 227 815; x_wconf 80' lang='grc' dir='ltr'><strong><em>κατοτ</em></strong></span> <span class='ocrx_word' id='word_1_32' title='bbox 245 746 338 831; x_wconf 83' lang='grc' dir='ltr'><strong><em>μῆνα</em></strong></span> <span class='ocrx_word' id='word_1_33' title='bbox 360 749 497 812; x_wconf 79' lang='grc' dir='ltr'><strong><em>τουτονὶ</em></strong></span> <span class='ocrx_word' id='word_1_34' title='bbox 520 756 680 829; x_wconf 75' lang='grc' dir='ltr'><strong><em>ποιεῖται,</em></strong></span> <span class='ocrx_word' id='word_1_35' title='bbox 708 747 800 812; x_wconf 89' lang='lat' dir='ltr'><strong><em>XXI</em></strong></span> <span class='ocrx_word' id='word_1_36' title='bbox 825 748 867 812; x_wconf 87' lang='lat'><strong><em>13</em></strong></span> <span class='ocrx_word' id='word_1_37' title='bbox 896 742 937 810; x_wconf 83' lang='grc' dir='ltr'><strong><em>οὐ</em></strong></span> <span class='ocrx_word' id='word_1_38' title='bbox 964 738 1218 822; x_wconf 70' lang='grc' dir='ltr'><strong><em>καθεστηκότος</em></strong></span> 
     </span>
     <span class='ocr_line' id='line_1_6' title="bbox 120 843 1218 939; baseline -0.004 -24"><span class='ocrx_word' id='word_1_39' title='bbox 120 855 266 939; x_wconf 75' lang='grc' dir='ltr'><em>χορηγοῦ</em></span> <span class='ocrx_word' id='word_1_40' title='bbox 292 851 410 937; x_wconf 90' lang='grc' dir='ltr'><strong><em>τρίτον</em></strong></span> <span class='ocrx_word' id='word_1_41' title='bbox 435 855 504 926; x_wconf 78' lang='grc' dir='ltr'><strong><em>ἔτος</em></strong></span> <span class='ocrx_word' id='word_1_42' title='bbox 525 855 628 916; x_wconf 85' lang='grc' dir='ltr'><strong><em>τουτί.</em></strong></span> <span class='ocrx_word' id='word_1_43' title='bbox 679 851 763 917; x_wconf 79' lang='lat' dir='ltr'><strong>adde</strong></span> <span class='ocrx_word' id='word_1_44' title='bbox 785 849 906 938; x_wconf 81' lang='lat' dir='ltr'>[LVI]</span> <span class='ocrx_word' id='word_1_45' title='bbox 928 850 951 914; x_wconf 88' lang='grc'>4</span> <span class='ocrx_word' id='word_1_46' title='bbox 972 843 1125 932; x_wconf 69' lang='grc' dir='ltr'><strong><em>δεύτερον</em></strong></span> <span class='ocrx_word' id='word_1_47' title='bbox 1145 849 1218 921; x_wconf 75' lang='grc' dir='ltr'><strong><em>ἔτος</em></strong></span> 
     </span>
     <span class='ocr_line' id='line_1_7' title="bbox 123 943 1220 1042; baseline -0.006 -22"><span class='ocrx_word' id='word_1_48' title='bbox 123 955 220 1021; x_wconf 74' lang='grc' dir='ltr'><strong><em>τουτὶ</em></strong></span> <span class='ocrx_word' id='word_1_49' title='bbox 239 945 468 1037; x_wconf 76' lang='grc' dir='ltr'><strong><em>καρπούμενος</em></strong></span> <span class='ocrx_word' id='word_1_50' title='bbox 489 947 535 1020; x_wconf 78' lang='grc' dir='ltr'><strong><em>τὰ</em></strong></span> <span class='ocrx_word' id='word_1_51' title='bbox 556 952 696 1042; x_wconf 75' lang='grc' dir='ltr'><strong><em>ἡμέτερα</em></strong></span> <span class='ocrx_word' id='word_1_52' title='bbox 717 965 749 1022; x_wconf 88' lang='lat' dir='ltr'><strong>et</strong></span> <span class='ocrx_word' id='word_1_53' title='bbox 770 955 813 1021; x_wconf 82' lang='lat'><strong><em>34</em></strong></span> <span class='ocrx_word' id='word_1_54' title='bbox 827 945 1051 1039; x_wconf 69' lang='grc' dir='ltr'><strong><em>καρπούμενοι</em></strong></span> <span class='ocrx_word' id='word_1_55' title='bbox 1064 943 1220 1033; x_wconf 78' lang='grc' dir='ltr'><strong><em>δεύτερον</em></strong></span> 
     </span>
     <span class='ocr_line' id='line_1_8' title="bbox 124 1055 1216 1139; baseline -0.009 -13"><span class='ocrx_word' id='word_1_56' title='bbox 124 1061 195 1134; x_wconf 70' lang='lat' dir='ltr'><strong>troc</strong></span> <span class='ocrx_word' id='word_1_57' title='bbox 225 1058 328 1123; x_wconf 84' lang='grc' dir='ltr'><strong><em>τουτί.</em></strong></span> <span class='ocrx_word' id='word_1_58' title='bbox 372 1057 413 1120; x_wconf 86' lang='lat' dir='ltr'><strong><em>cf.</em></strong></span> <span class='ocrx_word' id='word_1_59' title='bbox 434 1057 534 1122; x_wconf 73' lang='lat' dir='ltr'><strong>Rene</strong></span> <span class='ocrx_word' id='word_1_60' title='bbox 564 1059 631 1122; x_wconf 91' lang='lat' dir='ltr'><strong>ind.</strong></span> <span class='ocrx_word' id='word_1_61' title='bbox 653 1058 695 1126; x_wconf 85' lang='lat' dir='ltr'><strong><em>II</em></strong></span> <span class='ocrx_word' id='word_1_62' title='bbox 725 1083 751 1128; x_wconf 93' lang='lat' dir='ltr'><strong>s.</strong></span> <span class='ocrx_word' id='word_1_63' title='bbox 773 1081 806 1123; x_wconf 82' lang='lat' dir='ltr'><strong><em>u.</em></strong></span> <span class='ocrx_word' id='word_1_64' title='bbox 829 1055 1088 1124; x_wconf 71' lang='lat' dir='ltr'><strong>accusationes.</strong></span> <span class='ocrx_word' id='word_1_65' title='bbox 1133 1073 1216 1139; x_wconf 77' lang='lat' dir='ltr'><strong>quse</strong></span> 
     </span>
     <span class='ocr_line' id='line_1_9' title="bbox 124 1156 1218 1249; baseline -0.007 -22"><span class='ocrx_word' id='word_1_66' title='bbox 124 1161 274 1249; x_wconf 79' lang='lat' dir='ltr'><strong>exempla</strong></span> <span class='ocrx_word' id='word_1_67' title='bbox 302 1182 375 1224; x_wconf 87' lang='lat' dir='ltr'><strong><em>cum</em></strong></span> <span class='ocrx_word' id='word_1_68' title='bbox 397 1183 504 1247; x_wconf 80' lang='lat' dir='ltr'><strong>panca</strong></span> <span class='ocrx_word' id='word_1_69' title='bbox 525 1163 609 1244; x_wconf 84' lang='lat' dir='ltr'><strong>sint,</strong></span> <span class='ocrx_word' id='word_1_70' title='bbox 637 1184 698 1248; x_wconf 86' lang='lat' dir='ltr'><strong>pro</strong></span> <span class='ocrx_word' id='word_1_71' title='bbox 719 1171 807 1228; x_wconf 88' lang='lat' dir='ltr'><strong>certo</strong></span> <span class='ocrx_word' id='word_1_72' title='bbox 829 1161 1003 1227; x_wconf 72' lang='lat' dir='ltr'><strong>adfirmare</strong></span> <span class='ocrx_word' id='word_1_73' title='bbox 1023 1180 1090 1225; x_wconf 91' lang='lat' dir='ltr'><strong><em>non</em></strong></span> <span class='ocrx_word' id='word_1_74' title='bbox 1112 1156 1218 1223; x_wconf 85' lang='lat' dir='ltr'><strong>susim</strong></span> 
     </span>
     <span class='ocr_line' id='line_1_10' title="bbox 122 1261 1217 1351; baseline -0.005 -22"><span class='ocrx_word' id='word_1_75' title='bbox 122 1266 237 1349; x_wconf 89' lang='grc' dir='ltr'><strong><em>τρίτον</em></strong></span> <span class='ocrx_word' id='word_1_76' title='bbox 251 1265 323 1339; x_wconf 82' lang='grc' dir='ltr'><strong><em>ἐτος</em></strong></span> <span class='ocrx_word' id='word_1_77' title='bbox 336 1266 455 1330; x_wconf 87' lang='lat' dir='ltr'><strong>omisso</strong></span> <span class='ocrx_word' id='word_1_78' title='bbox 470 1266 566 1331; x_wconf 83' lang='grc' dir='ltr'><strong><em>τοντί</em></strong></span> <span class='ocrx_word' id='word_1_79' title='bbox 579 1265 770 1351; x_wconf 82' lang='lat' dir='ltr'><strong>pronomine</strong></span> <span class='ocrx_word' id='word_1_80' title='bbox 785 1266 827 1330; x_wconf 78' lang='lat' dir='ltr'><strong><em>ab</em></strong></span> <span class='ocrx_word' id='word_1_81' title='bbox 842 1263 1062 1330; x_wconf 78' lang='lat' dir='ltr'><strong>Demosthene</strong></span> <span class='ocrx_word' id='word_1_82' title='bbox 1076 1261 1217 1325; x_wconf 78' lang='lat' dir='ltr'><strong>alienum</strong></span> 
     </span>
     <span class='ocr_line' id='line_1_11' title="bbox 123 1367 1217 1452; baseline -0.004 -20"><span class='ocrx_word' id='word_1_83' title='bbox 123 1389 209 1434; x_wconf 85' lang='lat' dir='ltr'><strong>esse:</strong></span> <span class='ocrx_word' id='word_1_84' title='bbox 240 1367 297 1432; x_wconf 86' lang='lat' dir='ltr'><strong><em>sed</em></strong></span> <span class='ocrx_word' id='word_1_85' title='bbox 324 1389 398 1432; x_wconf 90' lang='lat' dir='ltr'><strong><em>cum</em></strong></span> <span class='ocrx_word' id='word_1_86' title='bbox 427 1378 537 1435; x_wconf 83' lang='lat' dir='ltr'><strong>orator</strong></span> <span class='ocrx_word' id='word_1_87' title='bbox 566 1370 601 1433; x_wconf 92' lang='lat' dir='ltr'><strong><em>in</em></strong></span> <span class='ocrx_word' id='word_1_88' title='bbox 622 1367 777 1433; x_wconf 90' lang='lat' dir='ltr'>XXXIII</span> <span class='ocrx_word' id='word_1_89' title='bbox 799 1370 946 1436; x_wconf 74' lang='lat' dir='ltr'><strong>oratione</strong></span> <span class='ocrx_word' id='word_1_90' title='bbox 966 1367 1017 1433; x_wconf 87' lang='lat' dir='ltr'><strong>bis</strong></span> <span class='ocrx_word' id='word_1_91' title='bbox 1037 1384 1217 1452; x_wconf 88' lang='lat' dir='ltr'><strong>pronomen</strong></span> 
     </span>
     <span class='ocr_line' id='line_1_12' title="bbox 123 1453 1214 1558; baseline -0.005 -21"><span class='ocrx_word' id='word_1_92' title='bbox 123 1472 276 1552; x_wconf 81' lang='lat' dir='ltr'><strong>omiserit,</strong></span> <span class='ocrx_word' id='word_1_93' title='bbox 295 1493 338 1535; x_wconf 92' lang='lat' dir='ltr'><strong>ne</strong></span> <span class='ocrx_word' id='word_1_94' title='bbox 360 1469 422 1536; x_wconf 85' lang='lat' dir='ltr'><strong><em>hoc</em></strong></span> <span class='ocrx_word' id='word_1_95' title='bbox 435 1471 565 1558; x_wconf 89' lang='lat' dir='ltr'><strong>quidem</strong></span> <span class='ocrx_word' id='word_1_96' title='bbox 582 1453 808 1558; x_wconf 80' lang='lat' dir='ltr'><strong>argumentum</strong></span> <span class='ocrx_word' id='word_1_97' title='bbox 821 1474 907 1538; x_wconf 89' lang='lat' dir='ltr'><strong>inter</strong></span> <span class='ocrx_word' id='word_1_98' title='bbox 920 1481 1029 1537; x_wconf 76' lang='lat' dir='ltr'><strong>cetera</strong></span> <span class='ocrx_word' id='word_1_99' title='bbox 1042 1469 1214 1554; x_wconf 85' lang='lat' dir='ltr'><strong>neglegen-</strong></span> 
     </span>
     <span class='ocr_line' id='line_1_13' title="bbox 125 1573 361 1641; baseline 0.004 -1"><span class='ocrx_word' id='word_1_100' title='bbox 125 1575 201 1640; x_wconf 89' lang='lat' dir='ltr'><strong><em>dum</em></strong></span> <span class='ocrx_word' id='word_1_101' title='bbox 222 1573 361 1641; x_wconf 85' lang='lat' dir='ltr'><strong>uidetur.</strong></span> 
     </span>
    </p>

    <p class='ocr_par' dir='ltr' id='par_1_3' title="bbox 123 1673 1218 3406">
     <span class='ocr_line' id='line_1_14' title="bbox 206 1673 1214 1767; baseline -0.006 -24"><span class='ocrx_word' id='word_1_102' title='bbox 206 1681 236 1759; x_wconf 68' lang='grc' dir='ltr'><strong><em>ξ.</em></strong></span> <span class='ocrx_word' id='word_1_103' title='bbox 258 1678 288 1743; x_wconf 84' lang='grc'><strong><em>5.</em></strong></span> <span class='ocrx_word' id='word_1_104' title='bbox 332 1677 547 1767; x_wconf 72' lang='grc' dir='ltr'><strong><em>ἐνδιατρῖψαι</em></strong></span> <span class='ocrx_word' id='word_1_105' title='bbox 566 1688 810 1764; x_wconf 70' lang='lat' dir='ltr'><strong>,commoratum</strong></span> <span class='ocrx_word' id='word_1_106' title='bbox 831 1682 927 1743; x_wconf 82' lang='lat' dir='ltr'><strong>esse‘:</strong></span> <span class='ocrx_word' id='word_1_107' title='bbox 949 1674 1086 1742; x_wconf 88' lang='lat' dir='ltr'><strong>uerbum</strong></span> <span class='ocrx_word' id='word_1_108' title='bbox 1106 1673 1214 1738; x_wconf 87' lang='grc' dir='ltr'><strong><em>ἐνδια-</em></strong></span> 
     </span>
     <span class='ocr_line' id='line_1_15' title="bbox 124 1778 1217 1870; baseline -0.005 -23"><span class='ocrx_word' id='word_1_109' title='bbox 124 1783 249 1868; x_wconf 80' lang='grc' dir='ltr'><strong><em>τρίβειν</em></strong></span> <span class='ocrx_word' id='word_1_110' title='bbox 269 1802 336 1846; x_wconf 92' lang='lat' dir='ltr'><strong><em>non</em></strong></span> <span class='ocrx_word' id='word_1_111' title='bbox 358 1789 465 1847; x_wconf 78' lang='lat' dir='ltr'><strong>exstat</strong></span> <span class='ocrx_word' id='word_1_112' title='bbox 485 1784 519 1847; x_wconf 91' lang='lat' dir='ltr'><strong><em>in</em></strong></span> <span class='ocrx_word' id='word_1_113' title='bbox 541 1805 676 1870; x_wconf 87' lang='lat' dir='ltr'><strong>corpore</strong></span> <span class='ocrx_word' id='word_1_114' title='bbox 697 1785 878 1850; x_wconf 80' lang='lat' dir='ltr'><strong>orationum</strong></span> <span class='ocrx_word' id='word_1_115' title='bbox 892 1778 1217 1847; x_wconf 83' lang='lat' dir='ltr'><strong>Demosthenicurum</strong></span> 
     </span>
     <span class='ocr_line' id='line_1_16' title="bbox 123 1882 1217 1970; baseline -0.006 -20"><span class='ocrx_word' id='word_1_116' title='bbox 123 1884 186 1950; x_wconf 90' lang='lat' dir='ltr'><strong>nisi</strong></span> <span class='ocrx_word' id='word_1_117' title='bbox 209 1883 468 1970; x_wconf 72' lang='lat' dir='ltr'>[XXXXVIII]</span> <span class='ocrx_word' id='word_1_118' title='bbox 497 1887 542 1952; x_wconf 95' lang='grc'><strong><em>20</em></strong></span> <span class='ocrx_word' id='word_1_119' title='bbox 568 1887 626 1970; x_wconf 93' lang='lat'><strong><em>(=</em></strong></span> <span class='ocrx_word' id='word_1_120' title='bbox 646 1886 799 1953; x_wconf 84' lang='lat' dir='ltr'><strong>Aeschin</strong></span> <span class='ocrx_word' id='word_1_121' title='bbox 821 1885 884 1950; x_wconf 91' lang='lat' dir='ltr'>III.</span> <span class='ocrx_word' id='word_1_122' title='bbox 905 1884 1000 1970; x_wconf 89' lang='grc'>201),</span> <span class='ocrx_word' id='word_1_123' title='bbox 1027 1882 1085 1947; x_wconf 89' lang='lat' dir='ltr'><strong><em>ubi</em></strong></span> <span class='ocrx_word' id='word_1_124' title='bbox 1104 1889 1217 1944; x_wconf 79' lang='lat' dir='ltr'><strong>tumen</strong></span> 
     </span>
     <span class='ocr_line' id='line_1_17' title="bbox 124 1983 1218 2076; baseline -0.005 -24"><span class='ocrx_word' id='word_1_125' title='bbox 124 2010 254 2052; x_wconf 89' lang='lat' dir='ltr'><strong>sensum</strong></span> <span class='ocrx_word' id='word_1_126' title='bbox 274 2010 383 2054; x_wconf 81' lang='lat' dir='ltr'><strong>moras</strong></span> <span class='ocrx_word' id='word_1_127' title='bbox 405 1989 556 2054; x_wconf 84' lang='lat' dir='ltr'><strong>nectendi</strong></span> <span class='ocrx_word' id='word_1_128' title='bbox 578 1990 647 2055; x_wconf 89' lang='lat' dir='ltr'><strong>siue</strong></span> <span class='ocrx_word' id='word_1_129' title='bbox 665 1988 902 2076; x_wconf 80' lang='lat' dir='ltr'><strong>tergiuersundi</strong></span> <span class='ocrx_word' id='word_1_130' title='bbox 915 1987 1059 2075; x_wconf 73' lang='lat' dir='ltr'><strong>praebet</strong></span> <span class='ocrx_word' id='word_1_131' title='bbox 1101 1983 1218 2050; x_wconf 88' lang='lat' dir='ltr'><strong>eodem</strong></span> 
     </span>
     <span class='ocr_line' id='line_1_18' title="bbox 125 2088 1217 2178; baseline -0.005 -22"><span class='ocrx_word' id='word_1_132' title='bbox 125 2113 231 2172; x_wconf 83' lang='lat' dir='ltr'><strong>sensu,</strong></span> <span class='ocrx_word' id='word_1_133' title='bbox 244 2112 309 2178; x_wconf 90' lang='lat' dir='ltr'><strong><em>qno</em></strong></span> <span class='ocrx_word' id='word_1_134' title='bbox 323 2088 385 2156; x_wconf 90' lang='lat' dir='ltr'><strong>hoe</strong></span> <span class='ocrx_word' id='word_1_135' title='bbox 399 2090 469 2156; x_wconf 90' lang='lat' dir='ltr'><strong>loco</strong></span> <span class='ocrx_word' id='word_1_136' title='bbox 484 2092 714 2178; x_wconf 88' lang='grc' dir='ltr'><strong><em>ἐνδιατρίβειν,</em></strong></span> <span class='ocrx_word' id='word_1_137' title='bbox 729 2093 811 2158; x_wconf 79' lang='lat' dir='ltr'><strong>alias</strong></span> <span class='ocrx_word' id='word_1_138' title='bbox 824 2091 1010 2177; x_wconf 74' lang='grc' dir='ltr'><strong><em>διατρίβειν</em></strong></span> <span class='ocrx_word' id='word_1_139' title='bbox 1023 2096 1217 2175; x_wconf 78' lang='lat' dir='ltr'><strong>usurpatum</strong></span> 
     </span>
     <span class='ocr_line' id='line_1_19' title="bbox 125 2185 1217 2284; baseline -0.003 -25"><span class='ocrx_word' id='word_1_140' title='bbox 125 2203 189 2259; x_wconf 90' lang='lat' dir='ltr'><strong>est:</strong></span> <span class='ocrx_word' id='word_1_141' title='bbox 211 2193 304 2260; x_wconf 88' lang='lat' dir='ltr'>VIII.</span> <span class='ocrx_word' id='word_1_142' title='bbox 321 2194 363 2257; x_wconf 86' lang='lat'><strong><em>14</em></strong></span> <span class='ocrx_word' id='word_1_143' title='bbox 393 2199 428 2257; x_wconf 74' lang='grc' dir='ltr'><strong><em>ἐν</em></strong></span> <span class='ocrx_word' id='word_1_144' title='bbox 454 2187 569 2284; x_wconf 74' lang='grc' dir='ltr'><strong><em>θρόκρ</em></strong></span> <span class='ocrx_word' id='word_1_145' title='bbox 590 2194 762 2282; x_wconf 83' lang='grc' dir='ltr'><strong><em>διατρίβει,</em></strong></span> <span class='ocrx_word' id='word_1_146' title='bbox 784 2195 858 2259; x_wconf 92' lang='lat' dir='ltr'><strong><em>XV.</em></strong></span> <span class='ocrx_word' id='word_1_147' title='bbox 882 2197 920 2260; x_wconf 95' lang='lat'><strong><em>11</em></strong></span> <span class='ocrx_word' id='word_1_148' title='bbox 944 2195 1087 2272; x_wconf 80' lang='grc' dir='ltr'><strong><em>πλησίον</em></strong></span> <span class='ocrx_word' id='word_1_149' title='bbox 1110 2185 1217 2268; x_wconf 77' lang='grc' dir='ltr'><strong><em>αὐτῆς</em></strong></span> 
     </span>
     <span class='ocr_line' id='line_1_20' title="bbox 124 2292 1216 2381; baseline -0.005 -20"><span class='ocrx_word' id='word_1_150' title='bbox 124 2297 353 2381; x_wconf 84' lang='grc' dir='ltr'><strong><em>διατρίβοντος</em></strong></span> <span class='ocrx_word' id='word_1_151' title='bbox 371 2298 504 2377; x_wconf 82' lang='grc' dir='ltr'><strong><em>ἐκείνου,</em></strong></span> <span class='ocrx_word' id='word_1_152' title='bbox 530 2296 657 2363; x_wconf 91' lang='lat' dir='ltr'>XVIII.</span> <span class='ocrx_word' id='word_1_153' title='bbox 681 2299 742 2363; x_wconf 84' lang='lat'><strong><em>154</em></strong></span> <span class='ocrx_word' id='word_1_154' title='bbox 764 2295 872 2364; x_wconf 79' lang='grc' dir='ltr'><strong><em>αὐτοῦ</em></strong></span> <span class='ocrx_word' id='word_1_155' title='bbox 891 2296 1067 2381; x_wconf 74' lang='grc' dir='ltr'><strong><em>διέτριβον,</em></strong></span> <span class='ocrx_word' id='word_1_156' title='bbox 1087 2292 1129 2358; x_wconf 89' lang='lat' dir='ltr'><strong><em>ib.</em></strong></span> <span class='ocrx_word' id='word_1_157' title='bbox 1153 2292 1216 2356; x_wconf 88' lang='grc'><strong><em>169</em></strong></span> 
     </span>
     <span class='ocr_line' id='line_1_21' title="bbox 125 2396 1217 2490; baseline -0.003 -28"><span class='ocrx_word' id='word_1_158' title='bbox 125 2398 332 2482; x_wconf 68' lang='grc' dir='ltr'><strong><em>διετρίβομεν</em></strong></span> <span class='ocrx_word' id='word_1_159' title='bbox 359 2404 395 2464; x_wconf 84' lang='grc' dir='ltr'><strong><em>ἐν</em></strong></span> <span class='ocrx_word' id='word_1_160' title='bbox 423 2399 553 2490; x_wconf 74' lang='grc' dir='ltr'><strong><em>Πέλλῃ,</em></strong></span> <span class='ocrx_word' id='word_1_161' title='bbox 581 2400 738 2487; x_wconf 81' lang='lat' dir='ltr'>[XXVI]</span> <span class='ocrx_word' id='word_1_162' title='bbox 771 2402 792 2466; x_wconf 88' lang='lat'>6</span> <span class='ocrx_word' id='word_1_163' title='bbox 821 2407 857 2467; x_wconf 83' lang='grc' dir='ltr'><strong><em>ἐν</em></strong></span> <span class='ocrx_word' id='word_1_164' title='bbox 877 2402 998 2489; x_wconf 75' lang='grc' dir='ltr'><strong><em>Αίγίνρ</em></strong></span> <span class='ocrx_word' id='word_1_165' title='bbox 1023 2396 1217 2483; x_wconf 85' lang='grc' dir='ltr'><strong><em>διατρίβειν,</em></strong></span> 
     </span>
     <span class='ocr_line' id='line_1_22' title="bbox 125 2500 1218 2592; baseline -0.006 -23"><span class='ocrx_word' id='word_1_166' title='bbox 125 2500 304 2588; x_wconf 87' lang='grc' dir='ltr'><strong>[ΧΧΧΠ.]</strong></span> <span class='ocrx_word' id='word_1_167' title='bbox 333 2503 355 2568; x_wconf 83' lang='grc'><strong>5</strong></span> <span class='ocrx_word' id='word_1_168' title='bbox 383 2501 453 2568; x_wconf 82' lang='grc' dir='ltr'><strong><em>ἄνω</em></strong></span> <span class='ocrx_word' id='word_1_169' title='bbox 481 2502 660 2592; x_wconf 77' lang='grc' dir='ltr'><strong><em>διέτριβεν,</em></strong></span> <span class='ocrx_word' id='word_1_170' title='bbox 689 2505 864 2591; x_wconf 81' lang='lat' dir='ltr'>[LVIIIL]</span> <span class='ocrx_word' id='word_1_171' title='bbox 886 2505 929 2570; x_wconf 86' lang='lat'><strong><em>36</em></strong></span> <span class='ocrx_word' id='word_1_172' title='bbox 951 2502 1159 2589; x_wconf 80' lang='grc' dir='ltr'><strong><em>διατρίψασα</em></strong></span> <span class='ocrx_word' id='word_1_173' title='bbox 1180 2504 1218 2563; x_wconf 80' lang='grc' dir='ltr'><strong><em>ἐν</em></strong></span> 
     </span>
     <span class='ocr_line' id='line_1_23' title="bbox 124 2596 1216 2695; baseline -0.004 -26"><span class='ocrx_word' id='word_1_174' title='bbox 124 2614 195 2679; x_wconf 78' lang='grc' dir='ltr'><strong><em>τοῖς</em></strong></span> <span class='ocrx_word' id='word_1_175' title='bbox 217 2596 402 2688; x_wconf 76' lang='grc' dir='ltr'><strong><em>Μεγάροις,</em></strong></span> <span class='ocrx_word' id='word_1_176' title='bbox 429 2606 555 2691; x_wconf 75' lang='lat' dir='ltr'><strong>[epist]</strong></span> <span class='ocrx_word' id='word_1_177' title='bbox 577 2608 609 2672; x_wconf 85' lang='lat'><strong><em>3.</em></strong></span> <span class='ocrx_word' id='word_1_178' title='bbox 632 2610 649 2672; x_wconf 96' lang='lat' dir='ltr'>l</span> <span class='ocrx_word' id='word_1_179' title='bbox 673 2603 823 2674; x_wconf 79' lang='grc' dir='ltr'><strong><em>ἐκποδὼν</em></strong></span> <span class='ocrx_word' id='word_1_180' title='bbox 844 2606 1063 2695; x_wconf 86' lang='grc' dir='ltr'><strong><em>διατρίβοντι.</em></strong></span> <span class='ocrx_word' id='word_1_181' title='bbox 1109 2602 1216 2667; x_wconf 75' lang='grc' dir='ltr'><strong><em>ἐνδια-</em></strong></span> 
     </span>
     <span class='ocr_line' id='line_1_24' title="bbox 126 2707 1215 2797; baseline -0.002 -25"><span class='ocrx_word' id='word_1_182' title='bbox 126 2707 252 2793; x_wconf 87' lang='grc' dir='ltr'><strong><em>τρίβειν</em></strong></span> <span class='ocrx_word' id='word_1_183' title='bbox 281 2727 359 2791; x_wconf 89' lang='lat' dir='ltr'><strong>ergo</strong></span> <span class='ocrx_word' id='word_1_184' title='bbox 389 2730 410 2771; x_wconf 81' lang='lat' dir='ltr'>a</span> <span class='ocrx_word' id='word_1_185' title='bbox 432 2709 651 2776; x_wconf 81' lang='lat' dir='ltr'><strong>Demosthene</strong></span> <span class='ocrx_word' id='word_1_186' title='bbox 679 2712 860 2797; x_wconf 82' lang='lat' dir='ltr'><strong>profectum</strong></span> <span class='ocrx_word' id='word_1_187' title='bbox 891 2733 963 2776; x_wconf 88' lang='lat' dir='ltr'><strong>esse</strong></span> <span class='ocrx_word' id='word_1_188' title='bbox 990 2732 1056 2774; x_wconf 93' lang='lat' dir='ltr'><strong><em>non</em></strong></span> <span class='ocrx_word' id='word_1_189' title='bbox 1076 2707 1215 2771; x_wconf 88' lang='lat' dir='ltr'><strong>uidetur.</strong></span> 
     </span>
     <span class='ocr_line' id='line_1_25' title="bbox 124 2808 1215 2899; baseline 0 -26"><span class='ocrx_word' id='word_1_190' title='bbox 124 2831 209 2897; x_wconf 81' lang='lat' dir='ltr'><strong>quae</strong></span> <span class='ocrx_word' id='word_1_191' title='bbox 245 2809 374 2896; x_wconf 91' lang='lat' dir='ltr'><strong>quidem</strong></span> <span class='ocrx_word' id='word_1_192' title='bbox 408 2813 542 2898; x_wconf 86' lang='lat' dir='ltr'><strong>suspitio</strong></span> <span class='ocrx_word' id='word_1_193' title='bbox 574 2835 613 2878; x_wconf 91' lang='lat' dir='ltr'><strong>eo</strong></span> <span class='ocrx_word' id='word_1_194' title='bbox 642 2836 707 2880; x_wconf 94' lang='lat' dir='ltr'><strong><em>non</em></strong></span> <span class='ocrx_word' id='word_1_195' title='bbox 739 2817 907 2881; x_wconf 89' lang='lat' dir='ltr'><strong>minimum</strong></span> <span class='ocrx_word' id='word_1_196' title='bbox 937 2821 1089 2899; x_wconf 78' lang='lat' dir='ltr'><strong>augetur,</strong></span> <span class='ocrx_word' id='word_1_197' title='bbox 1117 2808 1215 2896; x_wconf 85' lang='lat' dir='ltr'><strong>quod,</strong></span> 
     </span>
     <span class='ocr_line' id='line_1_26' title="bbox 125 2910 1216 3006; baseline 0.002 -30"><span class='ocrx_word' id='word_1_198' title='bbox 125 2920 282 2998; x_wconf 82' lang='lat' dir='ltr'><strong>quantum</strong></span> <span class='ocrx_word' id='word_1_199' title='bbox 302 2914 468 2998; x_wconf 88' lang='lat' dir='ltr'><strong>conperire</strong></span> <span class='ocrx_word' id='word_1_200' title='bbox 482 2916 582 3000; x_wconf 85' lang='lat' dir='ltr'><strong>potui,</strong></span> <span class='ocrx_word' id='word_1_201' title='bbox 603 2917 824 3006; x_wconf 76' lang='grc' dir='ltr'><strong><em>ἐνδιατρίβειν</em></strong></span> <span class='ocrx_word' id='word_1_202' title='bbox 836 2918 972 2984; x_wconf 88' lang='lat' dir='ltr'><strong>uerbum</strong></span> <span class='ocrx_word' id='word_1_203' title='bbox 984 2910 1107 3004; x_wconf 83' lang='grc' dir='ltr'><strong><em>χρόνον</em></strong></span> <span class='ocrx_word' id='word_1_204' title='bbox 1122 2934 1216 2978; x_wconf 87' lang='lat' dir='ltr'><strong>accu-</strong></span> 
     </span>
     <span class='ocr_line' id='line_1_27' title="bbox 125 3014 1216 3109; baseline 0.004 -29"><span class='ocrx_word' id='word_1_205' title='bbox 125 3017 229 3081; x_wconf 78' lang='lat' dir='ltr'><strong>satiuo</strong></span> <span class='ocrx_word' id='word_1_206' title='bbox 259 3014 371 3080; x_wconf 80' lang='lat' dir='ltr'><strong>addito</strong></span> <span class='ocrx_word' id='word_1_207' title='bbox 391 3015 446 3082; x_wconf 85' lang='lat' dir='ltr'><strong>illo</strong></span> <span class='ocrx_word' id='word_1_208' title='bbox 469 3039 565 3083; x_wconf 92' lang='lat' dir='ltr'><strong>sensu</strong></span> <span class='ocrx_word' id='word_1_209' title='bbox 586 3030 661 3106; x_wconf 92' lang='lat' dir='ltr'><strong>post</strong></span> <span class='ocrx_word' id='word_1_210' title='bbox 681 3021 883 3109; x_wconf 79' lang='lat' dir='ltr'><strong>Thucydidis</strong></span> <span class='ocrx_word' id='word_1_211' title='bbox 904 3021 1090 3087; x_wconf 73' lang='lat' dir='ltr'><strong>memoriam</strong></span> <span class='ocrx_word' id='word_1_212' title='bbox 1110 3056 1155 3068; x_wconf 90' lang='lat'><em>-</em></span> <span class='ocrx_word' id='word_1_213' title='bbox 1176 3017 1216 3084; x_wconf 70' lang='lat' dir='ltr'><strong><em>ct</em></strong></span> 
     </span>
     <span class='ocr_line' id='line_1_28' title="bbox 125 3114 1217 3209; baseline 0.004 -27"><span class='ocrx_word' id='word_1_214' title='bbox 125 3117 272 3203; x_wconf 79' lang='lat' dir='ltr'><strong>Thucyd.</strong></span> <span class='ocrx_word' id='word_1_215' title='bbox 288 3117 328 3183; x_wconf 90' lang='lat' dir='ltr'><strong><em>V.</em></strong></span> <span class='ocrx_word' id='word_1_216' title='bbox 346 3117 386 3182; x_wconf 88' lang='grc'><strong><em>12</em></strong></span> <span class='ocrx_word' id='word_1_217' title='bbox 402 3114 683 3207; x_wconf 81' lang='grc' dir='ltr'><strong><em>ἐνδιατριβόντων</em></strong></span> <span class='ocrx_word' id='word_1_218' title='bbox 697 3119 811 3190; x_wconf 83' lang='grc' dir='ltr'><strong><em>αὐτῶν</em></strong></span> <span class='ocrx_word' id='word_1_219' title='bbox 828 3165 861 3175; x_wconf 95' lang='grc'>-</span> <span class='ocrx_word' id='word_1_220' title='bbox 881 3147 948 3191; x_wconf 89' lang='lat' dir='ltr'><strong><em>non</em></strong></span> <span class='ocrx_word' id='word_1_221' title='bbox 962 3132 1012 3190; x_wconf 90' lang='lat' dir='ltr'><strong><em>est</em></strong></span> <span class='ocrx_word' id='word_1_222' title='bbox 1024 3129 1217 3209; x_wconf 77' lang='lat' dir='ltr'><strong>usurpatum</strong></span> 
     </span>
     <span class='ocr_line' id='line_1_29' title="bbox 124 3220 1217 3314; baseline 0.004 -28"><span class='ocrx_word' id='word_1_223' title='bbox 124 3222 188 3286; x_wconf 89' lang='lat' dir='ltr'><strong>nisi</strong></span> <span class='ocrx_word' id='word_1_224' title='bbox 210 3242 231 3285; x_wconf 80' lang='lat' dir='ltr'>a</span> <span class='ocrx_word' id='word_1_225' title='bbox 251 3220 483 3286; x_wconf 87' lang='lat' dir='ltr'><strong>recentioribus</strong></span> <span class='ocrx_word' id='word_1_226' title='bbox 503 3246 612 3290; x_wconf 89' lang='lat' dir='ltr'><strong>rerum</strong></span> <span class='ocrx_word' id='word_1_227' title='bbox 635 3227 857 3314; x_wconf 81' lang='lat' dir='ltr'><strong>scriptoribus.</strong></span> <span class='ocrx_word' id='word_1_228' title='bbox 901 3226 942 3292; x_wconf 88' lang='lat' dir='ltr'><strong><em>cf.</em></strong></span> <span class='ocrx_word' id='word_1_229' title='bbox 958 3225 1071 3313; x_wconf 89' lang='lat' dir='ltr'><strong>Polyb.</strong></span> <span class='ocrx_word' id='word_1_230' title='bbox 1086 3224 1149 3289; x_wconf 90' lang='lat' dir='ltr'>III.</span> <span class='ocrx_word' id='word_1_231' title='bbox 1166 3225 1217 3290; x_wconf 87' lang='grc'><strong><em>88.</em></strong></span> 
     </span>
     <span class='ocr_line' id='line_1_30' title="bbox 128 3323 537 3406; baseline 0.005 -15"><span class='ocrx_word' id='word_1_232' title='bbox 128 3328 155 3406; x_wconf 93' lang='grc'><strong><em>1,</em></strong></span> <span class='ocrx_word' id='word_1_233' title='bbox 174 3324 308 3391; x_wconf 90' lang='lat' dir='ltr'><strong>Diodor.</strong></span> <span class='ocrx_word' id='word_1_234' title='bbox 330 3323 442 3388; x_wconf 91' lang='lat' dir='ltr'>XIIII.</span> <span class='ocrx_word' id='word_1_235' title='bbox 466 3326 537 3393; x_wconf 71' lang='grc'><strong><em>100.</em></strong></span> 
     </span>
    </p>

    <p class='ocr_par' dir='ltr' id='par_1_4' title="bbox 125 3420 1219 4139">
     <span class='ocr_line' id='line_1_31' title="bbox 210 3420 1218 3516; baseline 0.002 -24"><span class='ocrx_word' id='word_1_236' title='bbox 210 3432 238 3510; x_wconf 67' lang='lat'><strong><em>§-</em></strong></span> <span class='ocrx_word' id='word_1_237' title='bbox 262 3428 292 3492; x_wconf 88' lang='grc'><strong><em>9.</em></strong></span> <span class='ocrx_word' id='word_1_238' title='bbox 338 3420 400 3505; x_wconf 72' lang='grc' dir='ltr'><strong><em>τὴν</em></strong></span> <span class='ocrx_word' id='word_1_239' title='bbox 426 3425 512 3492; x_wconf 81' lang='grc' dir='ltr'><strong><em>ναῦν</em></strong></span> <span class='ocrx_word' id='word_1_240' title='bbox 539 3428 723 3515; x_wconf 77' lang='grc' dir='ltr'><strong><em>ἐξορμίσαι,</em></strong></span> <span class='ocrx_word' id='word_1_241' title='bbox 754 3427 817 3512; x_wconf 86' lang='grc' dir='ltr'><strong><em>τὴν</em></strong></span> <span class='ocrx_word' id='word_1_242' title='bbox 843 3431 929 3498; x_wconf 89' lang='grc' dir='ltr'><strong><em>ναῦν</em></strong></span> <span class='ocrx_word' id='word_1_243' title='bbox 953 3431 1145 3516; x_wconf 81' lang='grc' dir='ltr'><strong><em>ἐξορμίζειν,</em></strong></span> <span class='ocrx_word' id='word_1_244' title='bbox 1174 3431 1218 3495; x_wconf 88' lang='grc'><strong><em>24</em></strong></span> 
     </span>
     <span class='ocr_line' id='line_1_32' title="bbox 125 3523 1218 3622; baseline 0.001 -26"><span class='ocrx_word' id='word_1_245' title='bbox 125 3525 277 3614; x_wconf 78' lang='grc' dir='ltr'><strong><em>ἐξώρμιζε</em></strong></span> <span class='ocrx_word' id='word_1_246' title='bbox 298 3523 360 3608; x_wconf 69' lang='grc' dir='ltr'><strong><em>τήν</em></strong></span> <span class='ocrx_word' id='word_1_247' title='bbox 380 3529 476 3598; x_wconf 75' lang='grc' dir='ltr'><strong><em>ναῦν.</em></strong></span> <span class='ocrx_word' id='word_1_248' title='bbox 519 3531 699 3621; x_wconf 87' lang='grc' dir='ltr'><strong><em>ἐξορμίζειν</em></strong></span> <span class='ocrx_word' id='word_1_249' title='bbox 719 3530 783 3615; x_wconf 85' lang='grc' dir='ltr'><strong><em>τὴν</em></strong></span> <span class='ocrx_word' id='word_1_250' title='bbox 803 3536 888 3602; x_wconf 81' lang='grc' dir='ltr'><strong><em>ναῦν</em></strong></span> <span class='ocrx_word' id='word_1_251' title='bbox 901 3538 1063 3622; x_wconf 88' lang='lat' dir='ltr'><strong>poeticum</strong></span> <span class='ocrx_word' id='word_1_252' title='bbox 1076 3531 1218 3599; x_wconf 85' lang='lat' dir='ltr'><strong>colorem</strong></span> 
     </span>
     <span class='ocr_line' id='line_1_33' title="bbox 126 3630 1219 3724; baseline 0.005 -28"><span class='ocrx_word' id='word_1_253' title='bbox 126 3632 225 3697; x_wconf 76' lang='lat' dir='ltr'><strong>habet</strong></span> <span class='ocrx_word' id='word_1_254' title='bbox 254 3667 295 3680; x_wconf 93' lang='lat'><em>—</em></span> <span class='ocrx_word' id='word_1_255' title='bbox 324 3632 364 3696; x_wconf 83' lang='lat' dir='ltr'><strong><em>cf.</em></strong></span> <span class='ocrx_word' id='word_1_256' title='bbox 385 3632 463 3700; x_wconf 81' lang='lat' dir='ltr'><strong>Eur.</strong></span> <span class='ocrx_word' id='word_1_257' title='bbox 486 3632 558 3700; x_wconf 77' lang='lat' dir='ltr'><strong>Hei</strong></span> <span class='ocrx_word' id='word_1_258' title='bbox 582 3636 665 3702; x_wconf 81' lang='grc'>1247</span> <span class='ocrx_word' id='word_1_259' title='bbox 692 3642 736 3713; x_wconf 85' lang='grc' dir='ltr'><strong><em>είς</em></strong></span> <span class='ocrx_word' id='word_1_260' title='bbox 765 3633 891 3704; x_wconf 91' lang='grc' dir='ltr'><strong><em>πόντον</em></strong></span> <span class='ocrx_word' id='word_1_261' title='bbox 915 3641 993 3711; x_wconf 78' lang='grc' dir='ltr'><strong><em>ὅσαι</em></strong></span> <span class='ocrx_word' id='word_1_262' title='bbox 1000 3630 1066 3724; x_wconf 81' lang='grc' dir='ltr'><strong><em>χρὴ</em></strong></span> <span class='ocrx_word' id='word_1_263' title='bbox 1086 3640 1219 3702; x_wconf 83' lang='grc' dir='ltr'><strong><em>νέκυσιν</em></strong></span> 
     </span>
     <span class='ocr_line' id='line_1_34' title="bbox 126 3733 1218 3827; baseline 0.004 -27"><span class='ocrx_word' id='word_1_264' title='bbox 126 3733 343 3819; x_wconf 86' lang='grc' dir='ltr'><strong><em>ἐξορμίζομεν,</em></strong></span> <span class='ocrx_word' id='word_1_265' title='bbox 365 3734 485 3801; x_wconf 90' lang='lat' dir='ltr'><strong>Phoen.</strong></span> <span class='ocrx_word' id='word_1_266' title='bbox 502 3738 565 3802; x_wconf 89' lang='grc'><strong><em>846</em></strong></span> <span class='ocrx_word' id='word_1_267' title='bbox 588 3740 759 3825; x_wconf 81' lang='grc' dir='ltr'><strong><em>ἐξορμίσαι</em></strong></span> <span class='ocrx_word' id='word_1_268' title='bbox 773 3735 836 3807; x_wconf 81' lang='grc' dir='ltr'><strong><em>σὰν</em></strong></span> <span class='ocrx_word' id='word_1_269' title='bbox 856 3736 947 3806; x_wconf 86' lang='grc' dir='ltr'><strong><em>πόδα</em></strong></span> <span class='ocrx_word' id='word_1_270' title='bbox 968 3741 1040 3827; x_wconf 90' lang='lat' dir='ltr'><strong>[ubi</strong></span> <span class='ocrx_word' id='word_1_271' title='bbox 1055 3739 1218 3806; x_wconf 87' lang='lat' dir='ltr'><strong>Wecklei-</strong></span> 
     </span>
     <span class='ocr_line' id='line_1_35' title="bbox 126 3834 1217 3931; baseline 0.006 -30"><span class='ocrx_word' id='word_1_272' title='bbox 126 3838 199 3901; x_wconf 90' lang='lat' dir='ltr'><strong>nius</strong></span> <span class='ocrx_word' id='word_1_273' title='bbox 230 3839 268 3905; x_wconf 84' lang='lat' dir='ltr'><strong><em>ci</em></strong></span> <span class='ocrx_word' id='word_1_274' title='bbox 299 3841 496 3925; x_wconf 80' lang='grc' dir='ltr'><strong><em>ἐνωρμίσας</em></strong></span> <span class='ocrx_word' id='word_1_275' title='bbox 526 3834 589 3907; x_wconf 85' lang='grc' dir='ltr'><strong><em>σόν</em></strong></span> <span class='ocrx_word' id='word_1_276' title='bbox 612 3843 679 3929; x_wconf 88' lang='grc' dir='ltr'><strong><em>π.],</em></strong></span> <span class='ocrx_word' id='word_1_277' title='bbox 706 3843 821 3931; x_wconf 87' lang='lat' dir='ltr'><strong>Sophr.</strong></span> <span class='ocrx_word' id='word_1_278' title='bbox 849 3844 937 3930; x_wconf 79' lang='lat' dir='ltr'><strong>opud</strong></span> <span class='ocrx_word' id='word_1_279' title='bbox 962 3845 1055 3911; x_wconf 92' lang='lat' dir='ltr'><strong>Dem.</strong></span> <span class='ocrx_word' id='word_1_280' title='bbox 1088 3841 1217 3908; x_wconf 83' lang='lat' dir='ltr'><strong>Phaler.</strong></span> 
     </span>
     <span class='ocr_line' id='line_1_36' title="bbox 126 3939 1219 4035; baseline 0.006 -31"><span class='ocrx_word' id='word_1_281' title='bbox 126 3943 155 4021; x_wconf 66' lang='grc' dir='ltr'><strong><em>ξ.</em></strong></span> <span class='ocrx_word' id='word_1_282' title='bbox 185 3942 242 4006; x_wconf 82' lang='grc'><strong><em>151</em></strong></span> <span class='ocrx_word' id='word_1_283' title='bbox 277 3939 489 4027; x_wconf 89' lang='grc' dir='ltr'><strong><em>ἐξορμίζομαι</em></strong></span> <span class='ocrx_word' id='word_1_284' title='bbox 513 3944 622 4012; x_wconf 79' lang='grc' dir='ltr'><strong><em>πλόον</em></strong></span> <span class='ocrx_word' id='word_1_285' title='bbox 652 3982 693 3995; x_wconf 94' lang='grc'><strong>-</strong></span> <span class='ocrx_word' id='word_1_286' title='bbox 723 3969 784 4012; x_wconf 90' lang='lat' dir='ltr'><strong>nec</strong></span> <span class='ocrx_word' id='word_1_287' title='bbox 812 3947 912 4012; x_wconf 89' lang='lat' dir='ltr'><strong>ullum</strong></span> <span class='ocrx_word' id='word_1_288' title='bbox 933 3947 1083 4034; x_wconf 87' lang='lat' dir='ltr'><strong>equidem</strong></span> <span class='ocrx_word' id='word_1_289' title='bbox 1103 3969 1219 4035; x_wconf 84' lang='lat' dir='ltr'><strong>prosae</strong></span> 
     </span>
     <span class='ocr_line' id='line_1_37' title="bbox 128 4040 1138 4139; baseline 0.009 -30"><span class='ocrx_word' id='word_1_290' title='bbox 128 4045 281 4109; x_wconf 84' lang='lat' dir='ltr'><strong>orationis</strong></span> <span class='ocrx_word' id='word_1_291' title='bbox 303 4045 409 4110; x_wconf 91' lang='lat' dir='ltr'><strong>locum</strong></span> <span class='ocrx_word' id='word_1_292' title='bbox 430 4046 627 4133; x_wconf 82' lang='lat' dir='ltr'><strong>inuestigare</strong></span> <span class='ocrx_word' id='word_1_293' title='bbox 648 4050 747 4136; x_wconf 80' lang='lat' dir='ltr'><strong>potui,</strong></span> <span class='ocrx_word' id='word_1_294' title='bbox 768 4051 825 4116; x_wconf 89' lang='lat' dir='ltr'><strong><em>ubi</em></strong></span> <span class='ocrx_word' id='word_1_295' title='bbox 846 4040 1025 4139; x_wconf 84' lang='grc' dir='ltr'><strong><em>ἐξορμίζειν</em></strong></span> <span class='ocrx_word' id='word_1_296' title='bbox 1046 4062 1138 4118; x_wconf 79' lang='lat' dir='ltr'><strong>esset</strong></span> 
     </span>
    </p>

    <p class='ocr_par' dir='ltr' id='par_1_5' title="bbox 124 4145 1217 4338">
     <span class='ocr_line' id='line_1_38' title="bbox 213 4145 1217 4240; baseline 0.008 -26"><span class='ocrx_word' id='word_1_297' title='bbox 213 4151 244 4229; x_wconf 68' lang='grc' dir='ltr'><strong><em>ἓ.</em></strong></span> <span class='ocrx_word' id='word_1_298' title='bbox 268 4149 319 4214; x_wconf 94' lang='grc'><strong><em>10.</em></strong></span> <span class='ocrx_word' id='word_1_299' title='bbox 364 4145 488 4215; x_wconf 83' lang='grc' dir='ltr'><strong><em>τοῦτον</em></strong></span> <span class='ocrx_word' id='word_1_300' title='bbox 517 4146 748 4220; x_wconf 76' lang='grc' dir='ltr'><strong><em>ἀνοσιώτατον</em></strong></span> <span class='ocrx_word' id='word_1_301' title='bbox 775 4151 952 4240; x_wconf 71' lang='grc' dir='ltr'><strong><em>ἡγησάμην</em></strong></span> <span class='ocrx_word' id='word_1_302' title='bbox 973 4153 1057 4222; x_wconf 83' lang='grc' dir='ltr'><strong><em>εἶναι</em></strong></span> <span class='ocrx_word' id='word_1_303' title='bbox 1079 4156 1129 4240; x_wconf 76' lang='grc' dir='ltr'><strong><em>τῷ</em></strong></span> <span class='ocrx_word' id='word_1_304' title='bbox 1151 4164 1217 4224; x_wconf 81' lang='grc' dir='ltr'><strong><em>ἐπι-</em></strong></span> 
     </span>
     <span class='ocr_line' id='line_1_39' title="bbox 124 4241 1216 4338; baseline 0.011 -23"><span class='ocrx_word' id='word_1_305' title='bbox 124 4241 315 4338; x_wconf 75' lang='grc' dir='ltr'><strong><em>χειρήματα</em></strong></span> <span class='ocrx_word' id='word_1_306' title='bbox 338 4260 500 4319; x_wconf 82' lang='lat' dir='ltr'><strong>structura</strong></span> <span class='ocrx_word' id='word_1_307' title='bbox 515 4253 701 4323; x_wconf 80' lang='lat' dir='ltr'><strong>duriuscule</strong></span> <span class='ocrx_word' id='word_1_308' title='bbox 722 4256 802 4323; x_wconf 85' lang='lat' dir='ltr'><strong>mihi</strong></span> <span class='ocrx_word' id='word_1_309' title='bbox 823 4259 952 4326; x_wconf 89' lang='lat' dir='ltr'><strong>uidetur</strong></span> <span class='ocrx_word' id='word_1_310' title='bbox 973 4280 1061 4324; x_wconf 83' lang='lat' dir='ltr'><strong>esse:</strong></span> <span class='ocrx_word' id='word_1_311' title='bbox 1084 4254 1216 4327; x_wconf 77' lang='grc' dir='ltr'><strong><em>διὰτὸ</em></strong></span> 
     </span>
    </p>
   </div>
   <div class='ocr_carea' id='block_1_3' title="bbox 0 0 1359 4658">
    <p class='ocr_par' dir='ltr' id='par_1_6' title="bbox 0 0 1359 4658">
     <span class='ocr_line' id='line_1_40' title="bbox 0 0 1359 4658; baseline 0 0"><span class='ocrx_word' id='word_1_312' title='bbox 0 0 1359 4658; x_wconf 95' lang='lat' dir='ltr'><strong><em> </em></strong></span> 
     </span>
    </p>
   </div>
  </div>
 </body>
</html>
