2700 4658
655 252 866 315 ,28-

217 427 252 483 at
275 419 452 508 Apaturius
482 423 612 507 negotia
640 422 801 490 facessere
829 445 896 488 non
926 422 1057 488 destitit.
1099 414 1196 489 tertio
1226 424 1306 488 enim

216 533 301 588 anno
323 532 407 610 post,
437 547 511 590 aere
533 526 636 592 alieno
659 549 790 614 pressus
813 527 941 613 opinor,
970 524 1025 590 lite
1046 529 1244 593 mercatoria
1263 529 1306 592 in·

216 633 306 691 tenta
318 627 342 712 1)
366 637 507 693 actorem
523 652 561 695 eo
581 632 710 696 nomine
732 632 767 695 in
788 631 839 694 ius
854 638 957 708 uocat
980 628 1065 716 quod
1080 630 1306 696 Parmenontis

214 751 310 815 praes
333 740 433 813 esset,
462 731 606 819 petitque
628 757 648 799 a
669 731 846 814 iudicibus,
874 742 911 797 ut
932 732 1000 799 XX
1022 735 1128 799 minas
1150 756 1227 800 eum
1249 733 1307 799 sibi

215 829 395 898 dissoluere
412 843 573 918 cogerent.
1232 883 1233 886 =

301 936 421 1023 diutius
443 937 505 1003 hoc
523 938 595 1005 loco
610 940 873 1005 commorandum
888 940 1016 1006 uidetur
1030 948 1063 1005 et
1079 940 1306 1026 quaerendum,

215 1060 354 1126 quonam
376 1042 446 1106 iure
466 1043 692 1108 mercatoriam
714 1043 874 1108 actionem
885 1044 911 1130 2)
933 1044 1114 1130 Apaturius
1137 1043 1244 1109 actori
1264 1044 1305 1108 in·

213 1144 360 1213 tenderit.
396 1144 521 1232 legibus
537 1147 621 1211 enim
636 1148 846 1213 constitutum
861 1156 938 1227 orat
960 1155 997 1212 ut
1010 1147 1082 1212 lites
1097 1148 1306 1214 mercatoriae

215 1247 374 1313 naucleris
407 1258 440 1314 et
468 1249 700 1317 mercatoribus
728 1259 835 1315 essent
856 1251 956 1339 apud
985 1250 1234 1330 thesmotetasi)
1263 1248 1305 1314 de

214 1353 510 1419 contractibus
541 1355 818 1421 mercatoriis.
869 1355 998 1421 Damon
1028 1354 1157 1442 quidem
1180 1355 1219 1418 in
1240 1376 1305 1420 ora·

214 1454 300 1520 tione
323 1455 469 1522 XXXII.
495 1459 522 1526 1.
544 1455 638 1527 addit
657 1465 841 1523 contractus
863 1459 943 1525 istos
964 1459 1079 1524 litteris
1099 1458 1305 1544 consignatos

214 1580 284 1624 esse
306 1582 437 1627 necesse
459 1583 539 1646 esse,
563 1561 619 1626 sed
641 1561 676 1626 id
698 1559 865 1645 legibusne
879 1560 1075 1648 postulatum
1090 1561 1211 1627 fuisset
1224 1569 1305 1627 recte

186 1663 276 1743 <iam
305 1663 431 1730 Heffter
467 1666 502 1729 in
535 1663 670 1729 dubium
699 1665 867 1729 uocauisse
895 1664 976 1729 mihi
1005 1665 1151 1730 uidetur:
1191 1666 1304 1731 etenim

212 1765 342 1851 reliquis
365 1768 482 1854 quibus
503 1768 593 1853 leges
608 1766 819 1832 mercatoriae
833 1766 1009 1833 laudantur
1023 1768 1102 1834 locis
1118 1792 1186 1835 non
1202 1771 1305 1854 agitur

211 1868 273 1934 nisi
295 1869 335 1935 de
358 1873 575 1956 συμβολαίοις
588 1871 624 1956 ⁴),
646 1891 709 1956 quo
725 1869 882 1936 uocabulo
898 1872 1006 1957 quiuis
1020 1879 1221 1956 contractus,
1241 1873 1303 1936 siue

211 2108 236 2162 si
256 2108 310 2162 elle
329 2110 366 2179 [la
384 2110 475 2182 partie
492 2109 577 2180 leode]
598 2109 646 2162 vit.
683 2123 737 2179 ego
755 2107 885 2180 equidem
901 2123 958 2163 nou
976 2105 1068 2174 uideo,
1087 2123 1146 2178 qua
1164 2109 1202 2164 de
1220 2109 1303 2164 salute

213 2200 329 2268 agatur:
348 2212 440 2268 neque
459 2197 532 2252 euim
552 2211 672 2267 usquam
685 2200 771 2249 antea
789 2195 824 2250 de
841 2193 976 2266 perieulis
988 2208 1079 2248 sermo
1099 2200 1153 2252 est.
1190 2195 1303 2268 quodsi

210 2282 247 2337 de
266 2281 375 2337 itineris
392 2283 525 2339 maritimi
543 2282 675 2353 periculis
697 2288 730 2338 ut
747 2283 858 2354 saepius
883 2280 922 2335 sic
945 2280 972 2334 h.
993 2281 1012 2334 l.
1032 2280 1181 2346 σώζεσθαι
1204 2283 1303 2337 dietum

211 2374 263 2437 est,
282 2369 451 2442 significatio
463 2369 526 2436 loci,
545 2386 601 2440 quo
615 2374 750 2425 uenturus
766 2374 842 2424 esset
853 2369 1021 2433 Parmenon,
1040 2368 1132 2424 omitti
1146 2369 1194 2424 uix
1208 2368 1302 2442 potuit

208 2472 293 2528 quam
315 2457 352 2512 ob
371 2473 501 2512 caussam
519 2461 570 2512 aut
587 2455 671 2511 fallor
687 2461 736 2510 aut
754 2455 873 2526 scriptor
891 2453 1025 2509 orationis
1047 2453 1138 2512 dedit:
1167 2459 1221 2510 ἐάν
1239 2475 1302 2510 ποτε

211 2540 293 2614 δεῦρο
317 2543 404 2599 ποίλιν
428 2545 519 2617 σωθῇ,
544 2541 579 2596 cf.
599 2541 665 2597 Eur.
693 2541 800 2597 Phoen.
823 2543 881 2598 725.
923 2542 1002 2611 ιῖπορ
1031 2540 1146 2612 σφαλείς
1168 2565 1202 2616 ys
1226 2541 1302 2614 δεῦρο

208 2631 336 2695 σωθήσει
354 2630 441 2686 πάλιν
459 2631 494 2693 ,εἰ
512 2630 626 2701 quando
643 2627 774 2683 redierib‘

280 2718 309 2787 1)
327 2717 362 2771 of.
382 2714 424 2791 ἐξ
442 2719 519 2774 1-3.
532 2719 582 2778 23.
617 2716 742 2770 Platner.
760 2714 782 2769 L
800 2731 866 2786 pag.
884 2715 937 2771 292
954 2720 1024 2769 extr.

276 2804 304 2870 2)
324 2803 359 2857 de
372 2803 466 2858 litibus
478 2801 652 2858 mercatoriis
670 2800 706 2854 cf.
718 2800 825 2855 Heffter
841 2818 908 2872 pag.
925 2803 977 2857 399
989 2819 1096 2872 proxx„
1117 2801 1301 2857 Schoemann.

207 2889 242 2943 de
260 2889 313 2947 litt.
333 2891 392 2944 Ate
409 2907 475 2963 pag.
498 2891 551 2946 539
568 2905 655 2959 pron,
675 2886 789 2941 Platner
807 2887 831 2942 1.
854 2903 920 2959 pag.
944 2888 1014 2954 289„
1041 2885 1302 2943 Biichsenschuetai

207 2975 281 3030 liber
299 2977 346 3049 qui
366 2976 531 3031 inscribitur
549 2973 639 3029 besitz
658 2973 717 3028 und
735 2973 842 3028 erwerb
866 2973 904 3028 im
923 2973 1129 3029 Griechischen
1147 2975 1301 3042 altertume,

206 3061 288 3116 Halis
306 3064 384 3129 1869,
403 3079 469 3135 pag.
487 3063 546 3118 531.

275 3150 303 3217 3)
321 3150 356 3203 de
370 3149 461 3204 litium
471 3146 702 3203 mercatoriarum
714 3145 931 3200 instructoribus
943 3149 1019 3200 recte
1032 3151 1135 3203 contra
1147 3146 1302 3203 Heffterum

206 3231 227 3290 1.
247 3235 283 3291 cl.
301 3241 330 3290 et
341 3235 476 3290 Meierum
493 3235 541 3306 (de
557 3233 638 3300 bonis
652 3233 745 3287 damn.
762 3248 828 3303 pag.
840 3232 894 3298 95·)
913 3232 1071 3302 disputauit
1091 3233 1301 3290 Schoemannus

205 3321 259 3376 litt.
278 3321 339 3378 Aet.
358 3338 425 3394 pag.
443 3323 479 3378 84
496 3309 605 3391 proxx.¹
630 3320 665 3373 cf.
682 3317 809 3395 Boeekhi
825 3334 921 3373 oecon.
940 3318 994 3372 cin.
1012 3319 1080 3374 Ath.
1099 3320 1122 3374 Ι.
1140 3336 1211 3392 pag.
1232 3322 1272 3376 n.

274 3409 302 3468 4)
326 3406 471 3480 ΙΧΧΧΠΙ]
519 3408 542 3462 l.
578 3410 637 3462 τοῖς
654 3410 706 3475 μὲν
723 3404 857 3476 ἐμπόροις
874 3409 922 3456 καὶ
940 3409 999 3460 τοῖς
1014 3404 1187 3478 ναυκλήροις
1205 3405 1303 3461 κελεύοι

1019 3489 1034 3543 d
1054 3491 1144 3560 νόμος
1165 3494 1244 3547 εἶναι
1259 3493 1301 3547 τὰς

321 3576 455 3649 [XXXII]
520 3578 544 3633 1.
600 3618 605 3627 .
643 3617 648 3628 .
687 3618 693 3629 .
730 3575 786 3630 ,οἱ
801 3575 886 3644 νόμοι
903 3574 1045 3629 ardericum
1063 3577 1115 3634 τὰς
1133 3576 1216 3638 δίκας
1235 3579 1303 3634 εἶναι

321 3663 484 3735 [ΧΧΧΙΙΠ]
505 3665 551 3718 42.
595 3699 816 3717 ......
829 3660 879 3716 τὰς
896 3657 973 3717 δίκας
991 3661 1068 3714 εἶναι
1085 3665 1136 3720 τὰς
1155 3664 1302 3738 ἐμπορικὰς

320 3816 468 3890 [XXXIII]
521 3819 545 3872 l.
581 3814 682 3873 δίκας.
721 3855 727 3868 .
763 3854 770 3867 .
806 3847 816 3869 ο
849 3815 941 3887 ,πρὸς
958 3815 1024 3872 τοὺς
1040 3817 1242 3891 θεσμοθέτας,
1259 3818 1303 3873 ga'p

1047 3923 1077 3955 τι
1096 3902 1262 3961 ἂδικῶντιιι
1277 3911 1303 3959 ἐν

318 3988 450 4059 [XXXII]
517 3989 542 4042 1.
577 3993 636 4045 τοῖς
657 3985 821 4057 ναυκλήροις
838 3990 887 4038 καί
904 3990 962 4041 τοῖς
984 3987 1123 4062 ἐμπόροις
1161 4035 1168 4045 ,
1206 4032 1215 4049 ,
1249 3998 1303 4047 τῶν

956 4071 1103 4139 Ἀθήναζε
1122 4082 1175 4130 καί
1192 4084 1253 4132 τῶν
1264 4081 1302 4131 Ἀ.

312 4160 477 4230 [ΧΧΧΙΙΙΙ]
497 4160 541 4215 42.
599 4192 866 4212 .......
901 4163 960 4209 τοῖν
978 4159 1170 4226 συμβολαίων
1192 4163 1303 4220 rodeid.

310 4245 438 4320 [XXXV]
493 4246 541 4317 37⁰.
572 4249 628 4299 “⁰¹3
645 4245 697 4313 wi
716 4241 814 4309 λαβήν
832 4238 912 4307 δίκην
936 4280 943 4295 ·
972 4251 1039 4315 περὶ
1056 4252 1122 4303 τοῖν
1139 4255 1303 4326 ἐμπορικῶν
