2700 4658
639 189 823 254 -4..

185 362 356 447 uitupernt,
388 362 475 448 quod
495 362 610 449 patriis
633 360 768 426 nedibus
793 359 933 425 uenditis
955 370 1089 446 penates
1111 363 1284 447 Megaram

186 465 427 530 transferendos
450 467 584 542 curauit,
606 462 668 527 boo
690 452 828 550 denique
850 473 991 547 eoousnt,
1015 464 1100 550 quod
1122 466 1278 550 periculo·

190 569 325 634 sissimis
346 566 545 653 temporibus
566 588 634 630 rem
655 564 818 651 publicam
842 567 992 636 deseruit.

270 674 336 737 iam
358 670 506 757 equidem
528 692 650 751 uereor,
681 690 722 733 ne
744 663 897 755 quisunt
919 693 967 753 ea,
996 692 1079 757 quae
1100 671 1282 736 Androcles

186 783 300 842 eontra
313 775 481 840 Laoritum
494 771 627 858 protulit
638 773 676 856 1),
694 782 750 836 aut
765 797 813 857 ea,
835 777 967 861 quaein
982 776 1128 841 oratione
1143 772 1281 838 XXXII

153 946 154 951 ,
186 880 362 964 exstent²)‚
395 875 584 941 reeordatus
612 877 682 939 ueri
710 876 813 941 simile
843 899 915 943 esse
944 877 1031 942 dieat
1061 887 1203 942 notorem
1231 879 1281 940 in-

186 980 345 1067 quilinum
359 1001 425 1045 non
447 979 551 1043 niuem
566 1000 646 1058 esse,
668 988 842 1067 propterea
864 981 949 1067 quod
965 1001 1126 1066 nusquam
1149 979 1282 1044 ciuitate

89 1136 95 1148 .
187 1106 248 1149 suu
268 1093 387 1166 utatur,
417 1083 506 1146 utin
530 1080 752 1146 aduersarium
774 1085 982 1170 peregrinum
1004 1084 1147 1148 iudioum
1170 1081 1283 1146 odium

187 1189 314 1252 euoitet
359 1195 394 1251 et
415 1206 493 1250 uero
516 1207 589 1250 oum
619 1186 653 1248 in
681 1185 830 1250 omnibus
857 1185 969 1252 litibus
997 1187 1214 1271 mereatoriis,
1247 1187 1283 1249 in

187 1291 308 1376 quibus
331 1301 363 1356 et
377 1287 502 1353 niuibus
525 1298 558 1352 et
578 1283 743 1372 inquilinis
760 1291 1002 1376 peregrinisque
1024 1312 1127 1376 aeque
1149 1310 1283 1354 caussae

184 1404 397 1480 agerentque
412 1390 584 1456 defendere
599 1390 720 1455 linitum
734 1391 796 1457 fuit
806 1395 840 1478 ⁸),
852 1392 914 1458 boo
928 1395 1098 1459 artificium
1113 1395 1283 1457 minimum

186 1496 304 1578 uelout,
326 1506 395 1562 tum
410 1497 513 1562 oratio
528 1495 685 1560 aduersus
699 1496 896 1583 Apaturium
918 1499 1039 1585 scripte
1056 1506 1124 1560 tem
1146 1496 1283 1582 simplex
1321 1541 1323 1545 -

188 1606 239 1665 est
261 1610 327 1664 tam
350 1610 439 1664 reete
461 1609 528 1663 tam
549 1600 599 1663 ira
620 1608 653 1663 et
675 1597 782 1664 studio
809 1617 929 1683 notua,
962 1602 1020 1664 uix
1043 1609 1079 1663 ut
1103 1599 1172 1663 eius
1194 1598 1283 1663 modi

187 1705 329 1769 oonuitio
351 1703 536 1768 inueniatur
557 1700 656 1767 loeus.
700 1723 760 1766 nee
776 1702 935 1788 exemplo,
956 1722 1039 1789 quae
1062 1722 1161 1787 supra
1183 1701 1284 1766 allate

189 1815 272 1882 eunt,
296 1807 376 1870 setis
398 1807 432 1870 in
454 1827 522 1870 rem
542 1805 715 1892 quadrent:
738 1827 815 1870 narn
836 1807 871 1868 in
893 1807 1038 1870 oratione
1053 1804 1187 1870 XXXV
1210 1827 1283 1870 reos

188 1929 254 1974 non
267 1920 269 1928 “
284 1930 357 1972 eam
388 1908 429 1973 ob
457 1929 607 1973 naussum
638 1907 892 1992 obseousetore
915 1909 1076 1993 exagitari
1098 1917 1131 1973 et
1159 1908 1282 1986 uexari,

131 2003 132 2007 ’
189 2010 278 2098 quod
307 2012 471 2097 peregrini
493 2012 571 2091 sint,
605 2011 663 2076 sed
691 2022 863 2100 propterea
892 2012 979 2098 quod
1000 2011 1185 2076 Phaselitee
1211 2014 1283 2090 sint,

191 2134 275 2200 quse
289 2134 370 2198 gene
384 2136 451 2178 una
473 2115 614 2179 omnium
628 2113 837 2178 ceilidissime
857 2125 890 2180 et
910 2114 1207 2179 fraudulentissima
1228 2136 1282 2178 ex-

187 2215 410 2300 istimabatur,
442 2217 505 2282 boo
540 2215 637 2281 fenile
669 2216 730 2282 tibi
763 2217 979 2306 persuaseris,
1012 2239 1084 2282 oum
1114 2218 1283 2283 exordium

189 2320 346 2385 orationis
375 2319 518 2384 eiusdem
548 2330 699 2385 soeurste
719 2320 910 2407 perlegeris,
943 2322 978 2384 in
1007 2320 1144 2386 XXXII
1175 2330 1283 2385 sutem

193 2427 340 2489 oratione
361 2444 422 2488 nee
444 2423 554 2488 dedite
575 2445 674 2512 opere
694 2444 800 2510 neque
826 2423 985 2506 inuidiose
1007 2423 1179 2490 discrimen
1201 2426 1284 2489 inter

189 2529 279 2592 oiues
301 2533 334 2591 et
347 2529 535 2614 peregrinos
557 2529 657 2592 statui
677 2529 748 2614 ipse
763 2527 994 2593 sententiarum
1015 2549 1158 2593 conexus
1180 2525 1282 2592 donet.

275 2629 409 2695 alterurn
425 2630 564 2717 denique
585 2632 619 2694 in
635 2631 828 2696 sententiam
843 2639 880 2694 ut
900 2632 1004 2695 oiuem
1020 2641 1161 2696 soterem
1183 2632 1282 2696 fuisse

189 2732 420 2820 conprobetur,
452 2734 566 2799 efferre
595 2734 670 2797 lieet
691 2734 845 2798 orationis
866 2733 1020 2798 XXXIII
1042 2734 1283 2821 paragraphum

191 2842 342 2920 quartem
372 2835 546 2912 decimum,
578 2837 635 2900 ubi
664 2835 746 2900 haee
776 2846 866 2902 sunt:
900 2841 1132 2923 ἐπιτρέπουσιν
1154 2838 1201 2902 ἑνὶ
1222 2839 1284 2922 μὲν

188 2935 347 3024 διαιτητῇ
375 2938 477 3022 κοινῷ
512 2939 672 3023 Φωκρίτῳ
695 2940 817 3028 πολίτῃ
839 2935 966 3023 αὐτῶν,
996 2945 1054 3005 tva
1076 2934 1105 3003 δ’
1133 2935 1283 3027 ἑκάτερος

188 3041 461 3124 παρεκαθίσατο,
488 3034 587 3115 οὗτος
615 3043 677 3124 μίν
693 3036 907 3127 Ἀριστοκλέα
929 3041 1055 3119 (λῆθεν
1085 3039 1103 3106 ὁ
1134 3044 1168 3107 δι’
1189 3045 1283 3130 Παρ-

188 3172 396 3182 *aar*

260 3231 287 3298 l)
304 3228 427 3283 XXXV.
444 3226 486 3282 26.
515 3223 585 3277 ἂλλοὶ
603 3226 796 3296 πεπόνθοιμεν
817 3227 1001 3282 καινότατον·
1029 3234 1060 3281 ίν
1076 3227 1132 3302 yu'p
1151 3237 1188 3303 τῇ,
1203 3230 1284 3283 πόλει

187 3321 223 3390 τῇ
241 3314 363 3389 ἡμετέρᾳ
381 3315 477 3367 αὐτῶν
502 3309 584 3366 οὐδὲν
601 3309 763 3371 ἀδικοῦντος
787 3311 851 3367 οὐδὲ
875 3310 956 3378 δίκην
974 3312 1108 3385 οὐδεμίαν
1127 3314 1284 3387 ὠφληκότες

187 3402 297 3459 τούτοις
316 3400 493 3471 σεσυλήμεθα
511 3398 568 3454 ὖιτό
593 3401 705 3455 τούτων
726 3399 939 3467 Φασηλιτῶν
965 3403 1096 3472 ὄντων,
1124 3401 1218 3475 ὥσπερ
1237 3399 1282 3454 δε-

189 3485 318 3557 δομένων
336 3487 426 3542 συλῶν
448 3485 617 3553 Φασηλίταις
634 3489 697 3541 κατ’
708 3490 885 3554 Ἀθηναίων.

257 3577 285 3647 2)
304 3574 429 3630 XXXII.
447 3575 490 3630 23.
521 3580 580 3632 ταῦτ
601 3573 656 3645 γαρ
676 3574 727 3630 σίν
747 3575 863 3646 αἰσχρὸν
881 3580 929 3627 καί
947 3571 1044 3627 δεινὸν
1063 3576 1097 3629 ἂν
1113 3581 1238 3646 γίνοιτο,
1258 3576 1282 3628 εἰ

186 3660 364 3734 Κεφαλλῆνες
381 3668 443 3732 μὲν,
463 3659 540 3717 ὅπως
551 3667 609 3717 τοῖς
621 3659 786 3727 Ἀθηναίοις
799 3664 880 3735 σωθῇ
897 3662 934 3714 τὰ
949 3662 1088 3732 χρήματα,
1107 3659 1188 3733 δεῦρο
1202 3661 1283 3715 πλεῖν

187 3745 240 3814 τήν
257 3754 330 3801 ναῦν
347 3752 471 3820 ἔκριναν,
498 3747 576 3816 ὑμεῖς
594 3744 619 3798 d'
647 3749 723 3805 ὄντες
735 3749 881 3814 Ἀθηναῖοι
904 3751 946 3800 τὰ
963 3754 1035 3802 τιῦν
1053 3747 1207 3803 πσλιτῶν
1224 3755 1283 3805 τοῖς

186 3841 398 3888 καταποντίσαι
415 3832 583 3901 βουληθεῖσι
602 3830 702 3888 δοῦναι
718 3841 839 3907 γνοίητε.

256 3922 284 3992 3)
303 3921 341 3976 of.
352 3921 629 3976 Bueohsenoohuetni
646 3922 749 3976 librum
762 3929 810 3994 qui
821 3921 984 3978 inscribitur
995 3923 1083 3978 besitz
1101 3922 1161 3976 und
1173 3923 1279 3977 eruerb

187 4008 226 4062 im
246 4009 395 4064 altertume
413 4024 479 4080 pugn
496 4008 557 4075 531,
580 4007 704 4063 Pletneri
724 4009 828 4064 librum
846 4011 882 4063 de
900 4009 1058 4066 Atticorum
1074 4008 1170 4062 litibus
1187 4015 1217 4063 et
1233 4023 1280 4063 ao-

188 4094 386 4149 ousutiouibus
404 4094 425 4149 I.
444 4110 509 4166 pag.
529 4096 572 4160 89,
594 4094 777 4150 Baumstnrki
799 4096 981 4168 prolegomm.
999 4096 1029 4151 in
1047 4095 1204 4152 orationem
1222 4097 1279 4150 De·

188 4181 343 4235 mosthenie
362 4182 498 4234 aduersus
516 4180 720 4252 Phormionem,
738 4182 946 4255 Heidelbergue
965 4184 1040 4249 1826,
1058 4199 1124 4256 pag.
1142 4185 1185 4242 33.
