2700 4658
582 244 793 309 ..34-

141 433 261 498 ponere
283 411 419 476 multum
435 411 605 478 Aristoelis
627 412 781 475 interesse
796 415 938 501 Apaturi
959 435 1108 480 caussam
1133 420 1233 478 stare:

141 537 217 580 nam
240 515 270 579 ei
293 515 470 581 timendum
495 537 575 596 esse,
597 536 638 579 ne
662 514 689 578 si
711 514 895 582 Parmenon
917 517 1065 598 uicisset,
1088 517 1159 601 ipse
1182 536 1232 602 pe-

140 619 269 683 cuniam
306 618 482 684 dissoluere
520 625 703 703 cogeretur,
741 619 860 707 quippe
898 621 953 706 qui
987 642 1046 708 pro
1076 618 1233 706 Apaturio

107 758 110 764 ,
142 722 383 809 spopondisset:
404 722 474 784 iure
497 731 605 786 autem
628 743 692 785 non
715 721 836 790 uiolato
859 721 1019 787 uicturum
1041 723 1142 786 fuisse
1157 721 1232 786 Par·

139 833 337 906 manentem,
367 823 453 910 quod
483 824 596 889 melior
618 832 703 888 esset
726 825 795 888 eius
819 846 950 907 caussa3
972 824 1162 910 neglexerat
1183 823 1232 888 de·

138 928 236 1013 nique
259 925 480 992 demonstrare
503 927 755 992 audacissimum
769 926 933 993 hominem
949 950 1020 994 esse
1035 927 1235 1008 Aristoclern,

139 1030 194 1114 qui
224 1031 371 1116 peierare
404 1051 471 1095 non
501 1029 673 1096 dubitaret.
708 1053 795 1097 ,non
825 1032 992 1096 minimum
1019 1052 1117 1117 porro
1148 1030 1233 1116 Apa·

139 1133 243 1197 turius
273 1155 311 1197 ea
340 1155 376 1197 re
403 1132 636 1216 adiuuabatur,
667 1134 753 1220 quod
783 1134 968 1200 Parmenon
990 1134 1142 1198 Athenas
1173 1154 1234 1197 non

138 1234 294 1299 redierat:
323 1244 451 1322 poterat
473 1237 559 1301 enim
584 1238 713 1302 mentiri
736 1245 776 1318 et,
799 1233 882 1324 quae
904 1239 973 1303 eius
995 1247 1067 1302 erat
1090 1235 1233 1315 audacia,

138 1335 290 1401 mentitus
321 1347 368 1403 est
397 1339 647 1406 Parmenontem
677 1362 742 1406 non
771 1339 908 1424 redisse,
946 1350 1120 1427 propterea
1152 1337 1234 1426 quod

139 1448 290 1505 caussam
326 1463 418 1507 suam
451 1444 665 1531 desperasset.
714 1453 877 1530 postremo
913 1445 1073 1530 Apaturio
1098 1443 1234 1508 'infinita

138 1545 298 1632 quaedam
319 1546 462 1631 fingendi
484 1556 516 1612 et
538 1545 778 1612 commentandi
797 1556 940 1632 potestas
957 1555 1034 1630 erat,
1058 1548 1136 1634 quia
1151 1545 1231 1610 Pho·

137 1650 253 1728 critus,
284 1670 379 1734 quem
408 1651 538 1715 tertium
569 1672 611 1715 ex
636 1649 767 1714 arbitris
789 1649 890 1714 fuisse
911 1648 1066 1732 uidimus,
1097 1648 1232 1715 Athenis

136 1761 207 1816 tum
237 1751 364 1817 uidetur
386 1752 544 1836 abfuisse,
566 1754 685 1840 quippe
708 1751 796 1816 nulla
820 1753 889 1817 eius
912 1748 1031 1817 mentio
1054 1753 1100 1821 fit.
1154 1772 1232 1840 quac

138 1877 211 1920 cum
240 1856 287 1920 ita
318 1864 440 1936 essent,
471 1855 612 1934 iudices,
643 1855 707 1919 nisi
727 1854 975 1928 Parmenontem
1006 1864 1120 1920 contra
1148 1855 1232 1940 legas

138 1957 346 2024 condemnari
368 1959 597 2042 meminerant,
628 1957 780 2023 facillime
802 1959 983 2046 permoueri
1005 1967 1174 2045 poterant,
1199 1966 1233 2022 ut

138 2063 298 2146 Apaturio
322 2061 591 2142 obsecundarent,
620 2083 818 2148 quamquam
840 2063 959 2127 actoris
981 2082 1101 2126 caussa
1123 2061 1233 2126 melior

139 2173 217 2229 erat.

224 2266 388 2348 Quoniam
423 2267 463 2331 de
501 2289 618 2333 caussa
646 2269 718 2354 ipsa
752 2268 855 2354 deque
885 2269 954 2332 eius
985 2268 1152 2334 actoribus
1180 2289 1231 2334 ex·

136 2372 312 2457 posuimus,
344 2370 489 2457 sequitur
511 2379 547 2434 ut
568 2392 763 2456 quaeramus
774 2370 798 2457 1)
805 2418 814 2452 ,
844 2371 998 2457 quesere
1021 2393 1108 2437 anno
1133 2371 1231 2437 oratio

136 2473 248 2538 habita
271 2494 342 2537 esse
364 2472 524 2541 uideatur.
579 2473 666 2560 quod
687 2475 726 2540 F.
748 2472 895 2539 Rankius
918 2475 1082 2560 quondam
1104 2477 1139 2539 in
1161 2472 1232 2538 libri

136 2578 192 2662 qui
214 2576 400 2642 inscribitur
422 2574 670 2662 encyclopaedie
692 2576 750 2640 der
771 2576 954 2642 wissensch.
977 2597 1008 2640 u.
1024 2575 1145 2641 kunste
1160 2587 1230 2642 tom

136 2680 187 2746 24.
210 2700 287 2764 pag.
312 2681 382 2746 118.
414 2681 557 2765 sperauit
583 2680 652 2744 fore
674 2679 848 2766 aliquando
870 2687 907 2742 ut
927 2687 1054 2763 tempus
1078 2678 1231 2743 orationis

133 2780 302 2847 XXXIII.
320 2792 471 2847 accurate
501 2781 627 2847 definiri
660 2792 785 2867 posset,
807 2782 841 2846 id
863 2779 969 2847 adhuc
992 2791 1146 2847 euentum
1167 2803 1229 2847 non

134 2882 258 2948 habuit.
307 2906 411 2970 neque
434 2885 519 2949 enim
542 2885 693 2968 contigit,
720 2893 756 2948 ut
777 2885 1036 2968 inuestigaretur,
1060 2907 1125 2970 quo
1149 2904 1229 2948 anno

132 2995 239 3052 terrae
268 2985 322 3050 ille
344 2995 450 3050 motus
475 2987 596 3065 fuisset,
619 3009 683 3072 quo
707 2986 928 3053 Cherronesus
950 2995 1082 3051 uastata
1105 3009 1177 3053 esso
1197 2987 1228 3049 in

134 3091 278 3155 oratione
308 3098 467 3154 narratur.
519 3098 646 3154 tantum
674 3098 802 3154 constat
829 3098 903 3175 post
929 3111 1051 3153 annum
1073 3090 1136 3154 341
1163 3111 1228 3155 ora·

132 3195 253 3258 tionem
285 3191 430 3256 habitam
459 3213 546 3257 esse:
577 3215 653 3257 nam
675 3192 870 3257 Heraclidae
897 3192 1101 3275 argentaria,
1134 3213 1227 3278 quam

130 3295 225 3361 tertio
249 3316 334 3359 anno
358 3304 431 3358 ante
454 3316 550 3379 quam
573 3295 613 3359 lis
638 3296 763 3359 intenta
789 3305 838 3360 est
861 3294 1050 3358 dissolutam
1077 3317 1150 3360 esse
1166 3293 1226 3377 §.9

132 3399 286 3482 scriptum
302 3395 460 3474 uidemus,
476 3392 579 3482 usquc
596 3397 638 3463 ad
653 3419 773 3463 annum
786 3398 848 3463 343
863 3397 970 3460 floruit
982 3398 1018 3481 ²).
1064 3397 1226 3463 Arnoldus

129 3617 257 3689 parsit
274 3618 439 3688 strange,
458 3636 517 3673 car
535 3618 702 3672 l'arbitre
720 3633 754 3671 se
777 3615 938 3671 trouvait
956 3616 1050 3673 ainsi
1069 3621 1170 3674 avoir
1186 3635 1224 3673 un

128 3704 260 3760 interdt
280 3705 369 3758 dans
387 3705 553 3759 l'affaire
572 3703 660 3774 qu'il
679 3703 770 3758 dtait
788 3700 930 3773 appelle
949 3701 1095 3775 ajuger.

198 3794 226 3862 1)
244 3792 280 3846 cf.
295 3790 442 3848 Schaeferi
463 3792 516 3844 uol.
529 3790 598 3844 lIIB
616 3805 681 3860 pag.
700 3791 752 3844 299
771 3805 865 3859 prox.;
885 3788 977 3842 Blass.
994 3789 1012 3846 l.
1031 3791 1067 3846 cl.
1086 3809 1153 3864 pag.
1166 3793 1223 3848 512.

112 3898 114 3900 ’
196 3881 224 3946 2)
242 3879 277 3933 cf.
290 3876 391 3951 [Dm]
405 3876 601 3933 XXXXVIII.
621 3877 654 3928 12
668 3874 801 3946 ἀργύριον
815 3871 840 3925 d'
857 3873 922 3926 εἴτι
934 3874 1084 3928 κατέλιπεν
1096 3878 1110 3929 ὁ
1124 3879 1224 3932 Κόνων

127 3995 161 4006 -
181 3964 362 4035 quiquidem
381 3980 456 4017 anno
473 3965 525 4017 343
541 3969 670 4015 mortuus
684 3966 733 4024 est,
752 3960 787 4014 cf.
812 3959 936 4013 eiusdem
948 3962 1084 4016 orationis
1103 3970 1127 4029 ὃ.
1146 3967 1181 4020 26
1198 3969 1223 4016 et

124 4050 235 4105 Schaef.
249 4049 318 4103 IIIB
331 4067 398 4120 pag.
417 4051 468 4104 239
483 4079 517 4088 -
539 4047 663 4117 φανερὸν
681 4051 729 4099 ἐπὶ
746 4052 786 4118 τῇ
806 4049 957 4119 τραπέζῃ
976 4053 1016 4120 τῇ
1032 4047 1222 4120 Ἡρακλεί-

124 4135 196 4202 dcv,
215 4138 305 4190 τοῦθ’
323 4134 401 4188 ἅπαν
420 4131 519 4201 σχεδόν
532 4154 561 4188 τι
574 4130 705 4198 ἀνηλώθη
725 4132 764 4187 si‘r
780 4153 811 4185 τε
828 4131 881 4197 τήν
898 4132 993 4203 ταφὴν
1012 4139 1061 4185 καὶ
1079 4129 1169 4191 τᾶλλα
1187 4132 1221 4191 τά

122 4223 305 4297 νομιζόμενα.
